%YAML 1.1
%TAG !u! tag:unity3d.com,2011:
--- !u!29 &1
OcclusionCullingSettings:
  m_ObjectHideFlags: 0
  serializedVersion: 2
  m_OcclusionBakeSettings:
    smallestOccluder: 5
    smallestHole: 0.25
    backfaceThreshold: 100
  m_SceneGUID: 00000000000000000000000000000000
  m_OcclusionCullingData: {fileID: 0}
--- !u!104 &2
RenderSettings:
  m_ObjectHideFlags: 0
  serializedVersion: 7
  m_Fog: 0
  m_FogColor: {r: 0.5, g: 0.5, b: 0.5, a: 1}
  m_FogMode: 3
  m_FogDensity: 0.01
  m_LinearFogStart: 0
  m_LinearFogEnd: 300
  m_AmbientSkyColor: {r: 0.212, g: 0.227, b: 0.259, a: 1}
  m_AmbientEquatorColor: {r: 0.114, g: 0.125, b: 0.133, a: 1}
  m_AmbientGroundColor: {r: 0.047, g: 0.043, b: 0.035, a: 1}
  m_AmbientIntensity: 0
  m_AmbientMode: 0
  m_SkyboxMaterial: {fileID: 10304, guid: 0000000000000000f000000000000000, type: 0}
  m_HaloStrength: 0.5
  m_FlareStrength: 1
  m_FlareFadeSpeed: 3
  m_HaloTexture: {fileID: 0}
  m_SpotCookie: {fileID: 10001, guid: 0000000000000000e000000000000000, type: 0}
  m_DefaultReflectionMode: 0
  m_DefaultReflectionResolution: 128
  m_ReflectionBounces: 1
  m_ReflectionIntensity: 1
  m_CustomReflection: {fileID: 0}
  m_Sun: {fileID: 0}
  m_IndirectSpecularColor: {r: 0.45136827, g: 0.5003901, b: 0.56979954, a: 1}
--- !u!157 &3
LightmapSettings:
  m_ObjectHideFlags: 0
  serializedVersion: 7
  m_GIWorkflowMode: 0
  m_GISettings:
    serializedVersion: 2
    m_BounceScale: 1
    m_IndirectOutputScale: 0.17
    m_AlbedoBoost: 1
    m_TemporalCoherenceThreshold: 1
    m_EnvironmentLightingMode: 0
    m_EnableBakedLightmaps: 1
    m_EnableRealtimeLightmaps: 1
  m_LightmapEditorSettings:
    serializedVersion: 4
    m_Resolution: 2
    m_BakeResolution: 40
    m_TextureWidth: 1024
    m_TextureHeight: 1024
    m_AO: 0
    m_AOMaxDistance: 1
    m_CompAOExponent: 1
    m_CompAOExponentDirect: 0
    m_Padding: 2
    m_LightmapParameters: {fileID: 0}
    m_LightmapsBakeMode: 1
    m_TextureCompression: 1
    m_DirectLightInLightProbes: 1
    m_FinalGather: 0
    m_FinalGatherFiltering: 1
    m_FinalGatherRayCount: 256
    m_ReflectionCompression: 2
  m_LightingDataAsset: {fileID: 0}
  m_RuntimeCPUUsage: 25
--- !u!196 &4
NavMeshSettings:
  serializedVersion: 2
  m_ObjectHideFlags: 0
  m_BuildSettings:
    serializedVersion: 2
    agentTypeID: 0
    agentRadius: 0.5
    agentHeight: 2
    agentSlope: 45
    agentClimb: 0.4
    ledgeDropHeight: 0
    maxJumpAcrossDistance: 0
    minRegionArea: 2
    manualCellSize: 0
    cellSize: 0.16666667
    accuratePlacement: 0
  m_NavMeshData: {fileID: 0}
--- !u!4 &43491201 stripped
Transform:
  m_PrefabParentObject: {fileID: 4459876404608216, guid: 794fe6b480155e24e90264dc3bda680c,
    type: 2}
  m_PrefabInternal: {fileID: 1014773250}
--- !u!1 &78040231
GameObject:
  m_ObjectHideFlags: 0
  m_PrefabParentObject: {fileID: 0}
  m_PrefabInternal: {fileID: 0}
  serializedVersion: 5
  m_Component:
  - component: {fileID: 78040232}
  m_Layer: 0
  m_Name: Pinball
  m_TagString: Untagged
  m_Icon: {fileID: 0}
  m_NavMeshLayer: 0
  m_StaticEditorFlags: 0
  m_IsActive: 1
--- !u!4 &78040232
Transform:
  m_ObjectHideFlags: 0
  m_PrefabParentObject: {fileID: 0}
  m_PrefabInternal: {fileID: 0}
  m_GameObject: {fileID: 78040231}
  m_LocalRotation: {x: 0.22564368, y: -0, z: -0, w: 0.9742099}
  m_LocalPosition: {x: 4.583305, y: 8.547614, z: 6.2275352}
  m_LocalScale: {x: 1, y: 1, z: 1}
  m_Children:
  - {fileID: 289292394}
  - {fileID: 307278226}
  - {fileID: 977606939}
  - {fileID: 1366638865}
  - {fileID: 935394996}
  - {fileID: 804291790}
  - {fileID: 2097164579}
  - {fileID: 516078415}
  - {fileID: 1167569728}
  m_Father: {fileID: 0}
  m_RootOrder: 3
  m_LocalEulerAnglesHint: {x: 26.081001, y: 0, z: 0}
--- !u!1001 &127953504
Prefab:
  m_ObjectHideFlags: 0
  serializedVersion: 2
  m_Modification:
    m_TransformParent: {fileID: 804291790}
    m_Modifications:
    - target: {fileID: 4459876404608216, guid: 794fe6b480155e24e90264dc3bda680c, type: 2}
      propertyPath: m_LocalPosition.x
      value: -0.2800002
      objectReference: {fileID: 0}
    - target: {fileID: 4459876404608216, guid: 794fe6b480155e24e90264dc3bda680c, type: 2}
      propertyPath: m_LocalPosition.y
      value: 3.3818693
      objectReference: {fileID: 0}
    - target: {fileID: 4459876404608216, guid: 794fe6b480155e24e90264dc3bda680c, type: 2}
      propertyPath: m_LocalPosition.z
      value: 1.54
      objectReference: {fileID: 0}
    - target: {fileID: 4459876404608216, guid: 794fe6b480155e24e90264dc3bda680c, type: 2}
      propertyPath: m_LocalRotation.x
      value: -0
      objectReference: {fileID: 0}
    - target: {fileID: 4459876404608216, guid: 794fe6b480155e24e90264dc3bda680c, type: 2}
      propertyPath: m_LocalRotation.y
      value: -0
      objectReference: {fileID: 0}
    - target: {fileID: 4459876404608216, guid: 794fe6b480155e24e90264dc3bda680c, type: 2}
      propertyPath: m_LocalRotation.z
      value: -0
      objectReference: {fileID: 0}
    - target: {fileID: 4459876404608216, guid: 794fe6b480155e24e90264dc3bda680c, type: 2}
      propertyPath: m_LocalRotation.w
      value: 1
      objectReference: {fileID: 0}
    - target: {fileID: 4459876404608216, guid: 794fe6b480155e24e90264dc3bda680c, type: 2}
      propertyPath: m_RootOrder
      value: 3
      objectReference: {fileID: 0}
    - target: {fileID: 4459876404608216, guid: 794fe6b480155e24e90264dc3bda680c, type: 2}
      propertyPath: m_LocalScale.x
      value: 0.25468516
      objectReference: {fileID: 0}
    - target: {fileID: 4459876404608216, guid: 794fe6b480155e24e90264dc3bda680c, type: 2}
      propertyPath: m_LocalScale.y
      value: 0.061321415
      objectReference: {fileID: 0}
    - target: {fileID: 4459876404608216, guid: 794fe6b480155e24e90264dc3bda680c, type: 2}
      propertyPath: m_LocalScale.z
      value: 0.25468516
      objectReference: {fileID: 0}
    - target: {fileID: 1988189994258764, guid: 794fe6b480155e24e90264dc3bda680c, type: 2}
      propertyPath: m_Name
      value: Bumper (4)
      objectReference: {fileID: 0}
    m_RemovedComponents: []
  m_ParentPrefab: {fileID: 100100000, guid: 794fe6b480155e24e90264dc3bda680c, type: 2}
  m_IsPrefabParent: 0
--- !u!4 &162817678 stripped
Transform:
  m_PrefabParentObject: {fileID: 4459876404608216, guid: 794fe6b480155e24e90264dc3bda680c,
    type: 2}
  m_PrefabInternal: {fileID: 291717583}
--- !u!1 &176881045
GameObject:
  m_ObjectHideFlags: 0
  m_PrefabParentObject: {fileID: 0}
  m_PrefabInternal: {fileID: 0}
  serializedVersion: 5
  m_Component:
  - component: {fileID: 176881047}
  - component: {fileID: 176881046}
  m_Layer: 0
  m_Name: Directional Light
  m_TagString: Untagged
  m_Icon: {fileID: 0}
  m_NavMeshLayer: 0
  m_StaticEditorFlags: 0
  m_IsActive: 1
--- !u!108 &176881046
Light:
  m_ObjectHideFlags: 0
  m_PrefabParentObject: {fileID: 0}
  m_PrefabInternal: {fileID: 0}
  m_GameObject: {fileID: 176881045}
  m_Enabled: 1
  serializedVersion: 7
  m_Type: 1
  m_Color: {r: 1, g: 0.95686275, b: 0.8392157, a: 1}
  m_Intensity: 0.23
  m_Range: 10
  m_SpotAngle: 30
  m_CookieSize: 10
  m_Shadows:
    m_Type: 2
    m_Resolution: -1
    m_CustomResolution: -1
    m_Strength: 1
    m_Bias: 0.05
    m_NormalBias: 0.4
    m_NearPlane: 0.2
  m_Cookie: {fileID: 0}
  m_DrawHalo: 0
  m_Flare: {fileID: 0}
  m_RenderMode: 0
  m_CullingMask:
    serializedVersion: 2
    m_Bits: 4294967295
  m_Lightmapping: 4
  m_AreaSize: {x: 1, y: 1}
  m_BounceIntensity: 1
  m_ShadowRadius: 0
  m_ShadowAngle: 0
--- !u!4 &176881047
Transform:
  m_ObjectHideFlags: 0
  m_PrefabParentObject: {fileID: 0}
  m_PrefabInternal: {fileID: 0}
  m_GameObject: {fileID: 176881045}
  m_LocalRotation: {x: -0.97104156, y: -0.04839015, z: 0.034413762, w: -0.2314139}
  m_LocalPosition: {x: 0, y: 3, z: 0}
  m_LocalScale: {x: 1, y: 1, z: 1}
  m_Children: []
  m_Father: {fileID: 0}
  m_RootOrder: 1
  m_LocalEulerAnglesHint: {x: 153.079, y: 362.857, z: -5.0219727}
--- !u!4 &221540636 stripped
Transform:
  m_PrefabParentObject: {fileID: 4459876404608216, guid: 794fe6b480155e24e90264dc3bda680c,
    type: 2}
  m_PrefabInternal: {fileID: 127953504}
--- !u!1 &289292390 stripped
GameObject:
  m_PrefabParentObject: {fileID: 100000, guid: 47a4e286bfcc84c40bd4b6112cf6bf6c, type: 3}
  m_PrefabInternal: {fileID: 882591152}
--- !u!4 &289292394 stripped
Transform:
  m_PrefabParentObject: {fileID: 400000, guid: 47a4e286bfcc84c40bd4b6112cf6bf6c, type: 3}
  m_PrefabInternal: {fileID: 882591152}
--- !u!64 &289292395
MeshCollider:
  m_ObjectHideFlags: 0
  m_PrefabParentObject: {fileID: 0}
  m_PrefabInternal: {fileID: 0}
  m_GameObject: {fileID: 289292390}
  m_Material: {fileID: 0}
  m_IsTrigger: 0
  m_Enabled: 1
  serializedVersion: 2
  m_Convex: 0
  m_InflateMesh: 0
  m_SkinWidth: 0.01
  m_Mesh: {fileID: 4300000, guid: 47a4e286bfcc84c40bd4b6112cf6bf6c, type: 3}
--- !u!1001 &291717583
Prefab:
  m_ObjectHideFlags: 0
  serializedVersion: 2
  m_Modification:
    m_TransformParent: {fileID: 804291790}
    m_Modifications:
    - target: {fileID: 4459876404608216, guid: 794fe6b480155e24e90264dc3bda680c, type: 2}
      propertyPath: m_LocalPosition.x
      value: -1.395
      objectReference: {fileID: 0}
    - target: {fileID: 4459876404608216, guid: 794fe6b480155e24e90264dc3bda680c, type: 2}
      propertyPath: m_LocalPosition.y
      value: 3.452
      objectReference: {fileID: 0}
    - target: {fileID: 4459876404608216, guid: 794fe6b480155e24e90264dc3bda680c, type: 2}
      propertyPath: m_LocalPosition.z
      value: -1.946
      objectReference: {fileID: 0}
    - target: {fileID: 4459876404608216, guid: 794fe6b480155e24e90264dc3bda680c, type: 2}
      propertyPath: m_LocalRotation.x
      value: 0.057403877
      objectReference: {fileID: 0}
    - target: {fileID: 4459876404608216, guid: 794fe6b480155e24e90264dc3bda680c, type: 2}
      propertyPath: m_LocalRotation.y
      value: -0
      objectReference: {fileID: 0}
    - target: {fileID: 4459876404608216, guid: 794fe6b480155e24e90264dc3bda680c, type: 2}
      propertyPath: m_LocalRotation.z
      value: -0
      objectReference: {fileID: 0}
    - target: {fileID: 4459876404608216, guid: 794fe6b480155e24e90264dc3bda680c, type: 2}
      propertyPath: m_LocalRotation.w
      value: 0.99835104
      objectReference: {fileID: 0}
    - target: {fileID: 4459876404608216, guid: 794fe6b480155e24e90264dc3bda680c, type: 2}
      propertyPath: m_RootOrder
      value: 10
      objectReference: {fileID: 0}
    - target: {fileID: 4459876404608216, guid: 794fe6b480155e24e90264dc3bda680c, type: 2}
      propertyPath: m_LocalEulerAnglesHint.x
      value: 32.663002
      objectReference: {fileID: 0}
    - target: {fileID: 1988189994258764, guid: 794fe6b480155e24e90264dc3bda680c, type: 2}
      propertyPath: m_Name
      value: Bumper8 (1)
      objectReference: {fileID: 0}
    - target: {fileID: 4459876404608216, guid: 794fe6b480155e24e90264dc3bda680c, type: 2}
      propertyPath: m_LocalScale.x
      value: 0.32327
      objectReference: {fileID: 0}
    - target: {fileID: 4459876404608216, guid: 794fe6b480155e24e90264dc3bda680c, type: 2}
      propertyPath: m_LocalScale.y
      value: 0.07784
      objectReference: {fileID: 0}
    - target: {fileID: 4459876404608216, guid: 794fe6b480155e24e90264dc3bda680c, type: 2}
      propertyPath: m_LocalScale.z
      value: 0.32327
      objectReference: {fileID: 0}
    m_RemovedComponents: []
  m_ParentPrefab: {fileID: 100100000, guid: 794fe6b480155e24e90264dc3bda680c, type: 2}
  m_IsPrefabParent: 0
--- !u!1 &303282066
GameObject:
  m_ObjectHideFlags: 0
  m_PrefabParentObject: {fileID: 0}
  m_PrefabInternal: {fileID: 0}
  serializedVersion: 5
  m_Component:
  - component: {fileID: 303282067}
  - component: {fileID: 303282069}
  - component: {fileID: 303282068}
  m_Layer: 5
  m_Name: TextLifes
  m_TagString: Untagged
  m_Icon: {fileID: 0}
  m_NavMeshLayer: 0
  m_StaticEditorFlags: 0
  m_IsActive: 1
--- !u!224 &303282067
RectTransform:
  m_ObjectHideFlags: 0
  m_PrefabParentObject: {fileID: 0}
  m_PrefabInternal: {fileID: 0}
  m_GameObject: {fileID: 303282066}
  m_LocalRotation: {x: -0, y: -0, z: -0, w: 1}
  m_LocalPosition: {x: 0, y: 0, z: 0}
  m_LocalScale: {x: 1, y: 1, z: 1}
  m_Children: []
  m_Father: {fileID: 835709221}
  m_RootOrder: 0
  m_LocalEulerAnglesHint: {x: 0, y: 0, z: 0}
  m_AnchorMin: {x: 0.5, y: 0.5}
  m_AnchorMax: {x: 0.5, y: 0.5}
  m_AnchoredPosition: {x: -7, y: 238.6}
  m_SizeDelta: {x: 160, y: 30}
  m_Pivot: {x: 0.5, y: 0.5}
--- !u!114 &303282068
MonoBehaviour:
  m_ObjectHideFlags: 0
  m_PrefabParentObject: {fileID: 0}
  m_PrefabInternal: {fileID: 0}
  m_GameObject: {fileID: 303282066}
  m_Enabled: 1
  m_EditorHideFlags: 0
  m_Script: {fileID: 708705254, guid: f70555f144d8491a825f0804e09c671c, type: 3}
  m_Name: 
  m_EditorClassIdentifier: 
  m_Material: {fileID: 0}
  m_Color: {r: 0.91740316, g: 0.9264706, b: 0.30988845, a: 1}
  m_RaycastTarget: 1
  m_OnCullStateChanged:
    m_PersistentCalls:
      m_Calls: []
    m_TypeName: UnityEngine.UI.MaskableGraphic+CullStateChangedEvent, UnityEngine.UI,
      Version=1.0.0.0, Culture=neutral, PublicKeyToken=null
  m_FontData:
    m_Font: {fileID: 10102, guid: 0000000000000000e000000000000000, type: 0}
    m_FontSize: 20
    m_FontStyle: 0
    m_BestFit: 0
    m_MinSize: 2
    m_MaxSize: 40
    m_Alignment: 0
    m_AlignByGeometry: 0
    m_RichText: 1
    m_HorizontalOverflow: 0
    m_VerticalOverflow: 0
    m_LineSpacing: 1
  m_Text: ADSDASD
--- !u!222 &303282069
CanvasRenderer:
  m_ObjectHideFlags: 0
  m_PrefabParentObject: {fileID: 0}
  m_PrefabInternal: {fileID: 0}
  m_GameObject: {fileID: 303282066}
--- !u!1001 &304316314
Prefab:
  m_ObjectHideFlags: 0
  serializedVersion: 2
  m_Modification:
    m_TransformParent: {fileID: 977606939}
    m_Modifications:
    - target: {fileID: 4907347049511088, guid: aaa307a7aa2299842b0eed18cec446f0, type: 2}
      propertyPath: m_LocalPosition.x
      value: 1.2686954
      objectReference: {fileID: 0}
    - target: {fileID: 4907347049511088, guid: aaa307a7aa2299842b0eed18cec446f0, type: 2}
      propertyPath: m_LocalPosition.y
      value: 3.3693733
      objectReference: {fileID: 0}
    - target: {fileID: 4907347049511088, guid: aaa307a7aa2299842b0eed18cec446f0, type: 2}
      propertyPath: m_LocalPosition.z
      value: 4.688424
      objectReference: {fileID: 0}
    - target: {fileID: 4907347049511088, guid: aaa307a7aa2299842b0eed18cec446f0, type: 2}
      propertyPath: m_LocalRotation.x
      value: -0
      objectReference: {fileID: 0}
    - target: {fileID: 4907347049511088, guid: aaa307a7aa2299842b0eed18cec446f0, type: 2}
      propertyPath: m_LocalRotation.y
      value: 0.19573087
      objectReference: {fileID: 0}
    - target: {fileID: 4907347049511088, guid: aaa307a7aa2299842b0eed18cec446f0, type: 2}
      propertyPath: m_LocalRotation.z
      value: -0
      objectReference: {fileID: 0}
    - target: {fileID: 4907347049511088, guid: aaa307a7aa2299842b0eed18cec446f0, type: 2}
      propertyPath: m_LocalRotation.w
      value: 0.98065764
      objectReference: {fileID: 0}
    - target: {fileID: 4907347049511088, guid: aaa307a7aa2299842b0eed18cec446f0, type: 2}
      propertyPath: m_RootOrder
      value: 1
      objectReference: {fileID: 0}
    - target: {fileID: 59679242376836738, guid: aaa307a7aa2299842b0eed18cec446f0,
        type: 2}
      propertyPath: m_ConnectedAnchor.y
      value: 9.5529175
      objectReference: {fileID: 0}
    - target: {fileID: 59679242376836738, guid: aaa307a7aa2299842b0eed18cec446f0,
        type: 2}
      propertyPath: m_ConnectedAnchor.z
      value: 11.837562
      objectReference: {fileID: 0}
    - target: {fileID: 4907347049511088, guid: aaa307a7aa2299842b0eed18cec446f0, type: 2}
      propertyPath: m_LocalScale.x
      value: 0.47746867
      objectReference: {fileID: 0}
    - target: {fileID: 4907347049511088, guid: aaa307a7aa2299842b0eed18cec446f0, type: 2}
      propertyPath: m_LocalScale.y
      value: 0.28501186
      objectReference: {fileID: 0}
    - target: {fileID: 4907347049511088, guid: aaa307a7aa2299842b0eed18cec446f0, type: 2}
      propertyPath: m_LocalScale.z
      value: 0.04869028
      objectReference: {fileID: 0}
    - target: {fileID: 59679242376836738, guid: aaa307a7aa2299842b0eed18cec446f0,
        type: 2}
      propertyPath: m_Anchor.x
      value: 0.5
      objectReference: {fileID: 0}
    - target: {fileID: 59679242376836738, guid: aaa307a7aa2299842b0eed18cec446f0,
        type: 2}
      propertyPath: m_ConnectedAnchor.x
      value: 6.0724425
      objectReference: {fileID: 0}
    - target: {fileID: 114710488422941770, guid: aaa307a7aa2299842b0eed18cec446f0,
        type: 2}
      propertyPath: pressedPosition
      value: -40
      objectReference: {fileID: 0}
    - target: {fileID: 114710488422941770, guid: aaa307a7aa2299842b0eed18cec446f0,
        type: 2}
      propertyPath: flipperStrength
      value: 10000
      objectReference: {fileID: 0}
    - target: {fileID: 23657937053941454, guid: aaa307a7aa2299842b0eed18cec446f0,
        type: 2}
      propertyPath: m_Materials.Array.data[0]
      value: 
      objectReference: {fileID: 2100000, guid: 22c7ee3e597e4c847a274c695c770119, type: 2}
    m_RemovedComponents: []
  m_ParentPrefab: {fileID: 100100000, guid: aaa307a7aa2299842b0eed18cec446f0, type: 2}
  m_IsPrefabParent: 0
--- !u!4 &307278226 stripped
Transform:
  m_PrefabParentObject: {fileID: 4278931289790696, guid: 0684f27bfb21b6b4789f28f3043f86dd,
    type: 2}
  m_PrefabInternal: {fileID: 1459276965}
--- !u!1 &353552757
GameObject:
  m_ObjectHideFlags: 0
  m_PrefabParentObject: {fileID: 0}
  m_PrefabInternal: {fileID: 0}
  serializedVersion: 5
  m_Component:
  - component: {fileID: 353552758}
  - component: {fileID: 353552759}
  m_Layer: 0
  m_Name: Point light
  m_TagString: Untagged
  m_Icon: {fileID: 0}
  m_NavMeshLayer: 0
  m_StaticEditorFlags: 0
  m_IsActive: 1
--- !u!4 &353552758
Transform:
  m_ObjectHideFlags: 0
  m_PrefabParentObject: {fileID: 0}
  m_PrefabInternal: {fileID: 0}
  m_GameObject: {fileID: 353552757}
  m_LocalRotation: {x: 0, y: 0, z: 0, w: 1}
  m_LocalPosition: {x: 0, y: -0.15, z: 2.24}
  m_LocalScale: {x: 1, y: 1, z: 1}
  m_Children: []
  m_Father: {fileID: 356247864}
  m_RootOrder: 0
  m_LocalEulerAnglesHint: {x: 0, y: 0, z: 0}
--- !u!108 &353552759
Light:
  m_ObjectHideFlags: 0
  m_PrefabParentObject: {fileID: 0}
  m_PrefabInternal: {fileID: 0}
  m_GameObject: {fileID: 353552757}
  m_Enabled: 1
  serializedVersion: 7
  m_Type: 2
  m_Color: {r: 1, g: 0, b: 0, a: 1}
  m_Intensity: 1.66
  m_Range: 3
  m_SpotAngle: 30
  m_CookieSize: 10
  m_Shadows:
    m_Type: 0
    m_Resolution: -1
    m_CustomResolution: -1
    m_Strength: 1
    m_Bias: 0.05
    m_NormalBias: 0.4
    m_NearPlane: 0.2
  m_Cookie: {fileID: 0}
  m_DrawHalo: 0
  m_Flare: {fileID: 0}
  m_RenderMode: 0
  m_CullingMask:
    serializedVersion: 2
    m_Bits: 4294967295
  m_Lightmapping: 4
  m_AreaSize: {x: 1, y: 1}
  m_BounceIntensity: 1
  m_ShadowRadius: 0
  m_ShadowAngle: 0
--- !u!1 &356247863
GameObject:
  m_ObjectHideFlags: 0
  m_PrefabParentObject: {fileID: 0}
  m_PrefabInternal: {fileID: 0}
  serializedVersion: 5
  m_Component:
  - component: {fileID: 356247864}
  - component: {fileID: 356247867}
  - component: {fileID: 356247866}
  - component: {fileID: 356247865}
  m_Layer: 0
  m_Name: Target1
  m_TagString: target1
  m_Icon: {fileID: 0}
  m_NavMeshLayer: 0
  m_StaticEditorFlags: 0
  m_IsActive: 1
--- !u!4 &356247864
Transform:
  m_ObjectHideFlags: 0
  m_PrefabParentObject: {fileID: 0}
  m_PrefabInternal: {fileID: 0}
  m_GameObject: {fileID: 356247863}
  m_LocalRotation: {x: -0.3568382, y: -0, z: -0, w: 0.9341662}
  m_LocalPosition: {x: 2.8379998, y: 3.6918364, z: 0.8884878}
  m_LocalScale: {x: 0.3986765, y: 0.3986765, z: 0.05569852}
  m_Children:
  - {fileID: 353552758}
  m_Father: {fileID: 1167569728}
  m_RootOrder: 0
  m_LocalEulerAnglesHint: {x: -41.812, y: 0, z: 0}
--- !u!23 &356247865
MeshRenderer:
  m_ObjectHideFlags: 0
  m_PrefabParentObject: {fileID: 0}
  m_PrefabInternal: {fileID: 0}
  m_GameObject: {fileID: 356247863}
  m_Enabled: 1
  m_CastShadows: 1
  m_ReceiveShadows: 1
  m_MotionVectors: 1
  m_LightProbeUsage: 1
  m_ReflectionProbeUsage: 1
  m_Materials:
  - {fileID: 10303, guid: 0000000000000000f000000000000000, type: 0}
  m_StaticBatchInfo:
    firstSubMesh: 0
    subMeshCount: 0
  m_StaticBatchRoot: {fileID: 0}
  m_ProbeAnchor: {fileID: 0}
  m_LightProbeVolumeOverride: {fileID: 0}
  m_ScaleInLightmap: 1
  m_PreserveUVs: 1
  m_IgnoreNormalsForChartDetection: 0
  m_ImportantGI: 0
  m_SelectedEditorRenderState: 3
  m_MinimumChartSize: 4
  m_AutoUVMaxDistance: 0.5
  m_AutoUVMaxAngle: 89
  m_LightmapParameters: {fileID: 0}
  m_SortingLayerID: 0
  m_SortingOrder: 0
--- !u!65 &356247866
BoxCollider:
  m_ObjectHideFlags: 0
  m_PrefabParentObject: {fileID: 0}
  m_PrefabInternal: {fileID: 0}
  m_GameObject: {fileID: 356247863}
  m_Material: {fileID: 0}
  m_IsTrigger: 1
  m_Enabled: 1
  serializedVersion: 2
  m_Size: {x: 1, y: 1, z: 1}
  m_Center: {x: 0, y: 0, z: 0}
--- !u!33 &356247867
MeshFilter:
  m_ObjectHideFlags: 0
  m_PrefabParentObject: {fileID: 0}
  m_PrefabInternal: {fileID: 0}
  m_GameObject: {fileID: 356247863}
  m_Mesh: {fileID: 10202, guid: 0000000000000000e000000000000000, type: 0}
--- !u!1 &387509403
GameObject:
  m_ObjectHideFlags: 0
  m_PrefabParentObject: {fileID: 0}
  m_PrefabInternal: {fileID: 0}
  serializedVersion: 5
  m_Component:
  - component: {fileID: 387509404}
  - component: {fileID: 387509405}
  m_Layer: 0
  m_Name: Point light
  m_TagString: Untagged
  m_Icon: {fileID: 0}
  m_NavMeshLayer: 0
  m_StaticEditorFlags: 0
  m_IsActive: 1
--- !u!4 &387509404
Transform:
  m_ObjectHideFlags: 0
  m_PrefabParentObject: {fileID: 0}
  m_PrefabInternal: {fileID: 0}
  m_GameObject: {fileID: 387509403}
  m_LocalRotation: {x: 0, y: 0, z: 0, w: 1}
  m_LocalPosition: {x: 0, y: -0.15, z: 2.24}
  m_LocalScale: {x: 1, y: 1, z: 1}
  m_Children: []
  m_Father: {fileID: 406349518}
  m_RootOrder: 0
  m_LocalEulerAnglesHint: {x: 0, y: 0, z: 0}
--- !u!108 &387509405
Light:
  m_ObjectHideFlags: 0
  m_PrefabParentObject: {fileID: 0}
  m_PrefabInternal: {fileID: 0}
  m_GameObject: {fileID: 387509403}
  m_Enabled: 1
  serializedVersion: 7
  m_Type: 2
  m_Color: {r: 1, g: 0, b: 0, a: 1}
  m_Intensity: 1.66
  m_Range: 3
  m_SpotAngle: 30
  m_CookieSize: 10
  m_Shadows:
    m_Type: 0
    m_Resolution: -1
    m_CustomResolution: -1
    m_Strength: 1
    m_Bias: 0.05
    m_NormalBias: 0.4
    m_NearPlane: 0.2
  m_Cookie: {fileID: 0}
  m_DrawHalo: 0
  m_Flare: {fileID: 0}
  m_RenderMode: 0
  m_CullingMask:
    serializedVersion: 2
    m_Bits: 4294967295
  m_Lightmapping: 4
  m_AreaSize: {x: 1, y: 1}
  m_BounceIntensity: 1
  m_ShadowRadius: 0
  m_ShadowAngle: 0
--- !u!1 &390759954 stripped
GameObject:
  m_PrefabParentObject: {fileID: 1544121296334396, guid: 0684f27bfb21b6b4789f28f3043f86dd,
    type: 2}
  m_PrefabInternal: {fileID: 1459276965}
--- !u!1 &406349517
GameObject:
  m_ObjectHideFlags: 0
  m_PrefabParentObject: {fileID: 0}
  m_PrefabInternal: {fileID: 0}
  serializedVersion: 5
  m_Component:
  - component: {fileID: 406349518}
  - component: {fileID: 406349521}
  - component: {fileID: 406349520}
  - component: {fileID: 406349519}
  m_Layer: 0
  m_Name: Target2
  m_TagString: target1
  m_Icon: {fileID: 0}
  m_NavMeshLayer: 0
  m_StaticEditorFlags: 0
  m_IsActive: 1
--- !u!4 &406349518
Transform:
  m_ObjectHideFlags: 0
  m_PrefabParentObject: {fileID: 0}
  m_PrefabInternal: {fileID: 0}
  m_GameObject: {fileID: 406349517}
  m_LocalRotation: {x: -0.3568382, y: -0, z: -0, w: 0.9341662}
  m_LocalPosition: {x: 0.36, y: 3.26, z: -0.25}
  m_LocalScale: {x: 0.39868, y: 0.39868003, z: 0.055700004}
  m_Children:
  - {fileID: 387509404}
  m_Father: {fileID: 1167569728}
  m_RootOrder: 1
  m_LocalEulerAnglesHint: {x: -41.812, y: 0, z: 0}
--- !u!23 &406349519
MeshRenderer:
  m_ObjectHideFlags: 0
  m_PrefabParentObject: {fileID: 0}
  m_PrefabInternal: {fileID: 0}
  m_GameObject: {fileID: 406349517}
  m_Enabled: 1
  m_CastShadows: 1
  m_ReceiveShadows: 1
  m_MotionVectors: 1
  m_LightProbeUsage: 1
  m_ReflectionProbeUsage: 1
  m_Materials:
  - {fileID: 10303, guid: 0000000000000000f000000000000000, type: 0}
  m_StaticBatchInfo:
    firstSubMesh: 0
    subMeshCount: 0
  m_StaticBatchRoot: {fileID: 0}
  m_ProbeAnchor: {fileID: 0}
  m_LightProbeVolumeOverride: {fileID: 0}
  m_ScaleInLightmap: 1
  m_PreserveUVs: 1
  m_IgnoreNormalsForChartDetection: 0
  m_ImportantGI: 0
  m_SelectedEditorRenderState: 3
  m_MinimumChartSize: 4
  m_AutoUVMaxDistance: 0.5
  m_AutoUVMaxAngle: 89
  m_LightmapParameters: {fileID: 0}
  m_SortingLayerID: 0
  m_SortingOrder: 0
--- !u!65 &406349520
BoxCollider:
  m_ObjectHideFlags: 0
  m_PrefabParentObject: {fileID: 0}
  m_PrefabInternal: {fileID: 0}
  m_GameObject: {fileID: 406349517}
  m_Material: {fileID: 0}
  m_IsTrigger: 1
  m_Enabled: 1
  serializedVersion: 2
  m_Size: {x: 1, y: 1, z: 1}
  m_Center: {x: 0, y: 0, z: 0}
--- !u!33 &406349521
MeshFilter:
  m_ObjectHideFlags: 0
  m_PrefabParentObject: {fileID: 0}
  m_PrefabInternal: {fileID: 0}
  m_GameObject: {fileID: 406349517}
  m_Mesh: {fileID: 10202, guid: 0000000000000000e000000000000000, type: 0}
--- !u!1001 &455831220
Prefab:
  m_ObjectHideFlags: 0
  serializedVersion: 2
  m_Modification:
    m_TransformParent: {fileID: 804291790}
    m_Modifications:
    - target: {fileID: 4459876404608216, guid: 794fe6b480155e24e90264dc3bda680c, type: 2}
      propertyPath: m_LocalPosition.x
      value: 0.61000013
      objectReference: {fileID: 0}
    - target: {fileID: 4459876404608216, guid: 794fe6b480155e24e90264dc3bda680c, type: 2}
      propertyPath: m_LocalPosition.y
      value: 3.3818684
      objectReference: {fileID: 0}
    - target: {fileID: 4459876404608216, guid: 794fe6b480155e24e90264dc3bda680c, type: 2}
      propertyPath: m_LocalPosition.z
      value: 0.77
      objectReference: {fileID: 0}
    - target: {fileID: 4459876404608216, guid: 794fe6b480155e24e90264dc3bda680c, type: 2}
      propertyPath: m_LocalRotation.x
      value: -0
      objectReference: {fileID: 0}
    - target: {fileID: 4459876404608216, guid: 794fe6b480155e24e90264dc3bda680c, type: 2}
      propertyPath: m_LocalRotation.y
      value: -0
      objectReference: {fileID: 0}
    - target: {fileID: 4459876404608216, guid: 794fe6b480155e24e90264dc3bda680c, type: 2}
      propertyPath: m_LocalRotation.z
      value: -0
      objectReference: {fileID: 0}
    - target: {fileID: 4459876404608216, guid: 794fe6b480155e24e90264dc3bda680c, type: 2}
      propertyPath: m_LocalRotation.w
      value: 1
      objectReference: {fileID: 0}
    - target: {fileID: 4459876404608216, guid: 794fe6b480155e24e90264dc3bda680c, type: 2}
      propertyPath: m_RootOrder
      value: 4
      objectReference: {fileID: 0}
    - target: {fileID: 1988189994258764, guid: 794fe6b480155e24e90264dc3bda680c, type: 2}
      propertyPath: m_Name
      value: Bumper (5)
      objectReference: {fileID: 0}
    m_RemovedComponents: []
  m_ParentPrefab: {fileID: 100100000, guid: 794fe6b480155e24e90264dc3bda680c, type: 2}
  m_IsPrefabParent: 0
--- !u!1 &496533634
GameObject:
  m_ObjectHideFlags: 0
  m_PrefabParentObject: {fileID: 0}
  m_PrefabInternal: {fileID: 0}
  serializedVersion: 5
  m_Component:
  - component: {fileID: 496533635}
  m_Layer: 0
  m_Name: Target3Tp
  m_TagString: Untagged
  m_Icon: {fileID: 0}
  m_NavMeshLayer: 0
  m_StaticEditorFlags: 0
  m_IsActive: 1
--- !u!4 &496533635
Transform:
  m_ObjectHideFlags: 0
  m_PrefabParentObject: {fileID: 0}
  m_PrefabInternal: {fileID: 0}
  m_GameObject: {fileID: 496533634}
  m_LocalRotation: {x: -0.3568382, y: -0, z: -0, w: 0.9341662}
  m_LocalPosition: {x: 1.66, y: 3.143, z: 1.9}
  m_LocalScale: {x: 0.39868, y: 0.39868003, z: 0.055700004}
  m_Children: []
  m_Father: {fileID: 2097164579}
  m_RootOrder: 3
  m_LocalEulerAnglesHint: {x: -41.812, y: 0, z: 0}
--- !u!1 &516078414
GameObject:
  m_ObjectHideFlags: 0
  m_PrefabParentObject: {fileID: 0}
  m_PrefabInternal: {fileID: 0}
  serializedVersion: 5
  m_Component:
  - component: {fileID: 516078415}
  - component: {fileID: 516078416}
  m_Layer: 0
  m_Name: ColDead
  m_TagString: dead
  m_Icon: {fileID: 0}
  m_NavMeshLayer: 0
  m_StaticEditorFlags: 0
  m_IsActive: 1
--- !u!4 &516078415
Transform:
  m_ObjectHideFlags: 0
  m_PrefabParentObject: {fileID: 0}
  m_PrefabInternal: {fileID: 0}
  m_GameObject: {fileID: 516078414}
  m_LocalRotation: {x: 0, y: 0, z: 0, w: 1}
  m_LocalPosition: {x: 0.881, y: 2.886, z: 5.498}
  m_LocalScale: {x: 1, y: 1, z: 1}
  m_Children: []
  m_Father: {fileID: 78040232}
  m_RootOrder: 7
  m_LocalEulerAnglesHint: {x: 0, y: 0, z: 0}
--- !u!65 &516078416
BoxCollider:
  m_ObjectHideFlags: 0
  m_PrefabParentObject: {fileID: 0}
  m_PrefabInternal: {fileID: 0}
  m_GameObject: {fileID: 516078414}
  m_Material: {fileID: 0}
  m_IsTrigger: 1
  m_Enabled: 1
  serializedVersion: 2
  m_Size: {x: 4.504343, y: 1, z: 0.38087898}
  m_Center: {x: 0.15138012, y: -0.000071287155, z: 0.309628}
--- !u!1 &542800845
GameObject:
  m_ObjectHideFlags: 0
  m_PrefabParentObject: {fileID: 0}
  m_PrefabInternal: {fileID: 0}
  serializedVersion: 5
  m_Component:
  - component: {fileID: 542800850}
  - component: {fileID: 542800849}
  - component: {fileID: 542800848}
  - component: {fileID: 542800847}
  - component: {fileID: 542800846}
  m_Layer: 0
  m_Name: Main Camera
  m_TagString: MainCamera
  m_Icon: {fileID: 0}
  m_NavMeshLayer: 0
  m_StaticEditorFlags: 0
  m_IsActive: 1
--- !u!81 &542800846
AudioListener:
  m_ObjectHideFlags: 0
  m_PrefabParentObject: {fileID: 0}
  m_PrefabInternal: {fileID: 0}
  m_GameObject: {fileID: 542800845}
  m_Enabled: 1
--- !u!124 &542800847
Behaviour:
  m_ObjectHideFlags: 0
  m_PrefabParentObject: {fileID: 0}
  m_PrefabInternal: {fileID: 0}
  m_GameObject: {fileID: 542800845}
  m_Enabled: 1
--- !u!92 &542800848
Behaviour:
  m_ObjectHideFlags: 0
  m_PrefabParentObject: {fileID: 0}
  m_PrefabInternal: {fileID: 0}
  m_GameObject: {fileID: 542800845}
  m_Enabled: 1
--- !u!20 &542800849
Camera:
  m_ObjectHideFlags: 0
  m_PrefabParentObject: {fileID: 0}
  m_PrefabInternal: {fileID: 0}
  m_GameObject: {fileID: 542800845}
  m_Enabled: 1
  serializedVersion: 2
  m_ClearFlags: 1
  m_BackGroundColor: {r: 0.19215687, g: 0.3019608, b: 0.4745098, a: 0}
  m_NormalizedViewPortRect:
    serializedVersion: 2
    x: 0
    y: 0
    width: 1
    height: 1
  near clip plane: 0.3
  far clip plane: 1000
  field of view: 60
  orthographic: 0
  orthographic size: 5
  m_Depth: -1
  m_CullingMask:
    serializedVersion: 2
    m_Bits: 4294967295
  m_RenderingPath: -1
  m_TargetTexture: {fileID: 0}
  m_TargetDisplay: 0
  m_TargetEye: 3
  m_HDR: 0
  m_OcclusionCulling: 1
  m_StereoConvergence: 10
  m_StereoSeparation: 0.022
  m_StereoMirrorMode: 0
--- !u!4 &542800850
Transform:
  m_ObjectHideFlags: 0
  m_PrefabParentObject: {fileID: 0}
  m_PrefabInternal: {fileID: 0}
  m_GameObject: {fileID: 542800845}
  m_LocalRotation: {x: -0, y: 0.9954665, z: -0.09511294, w: 0}
  m_LocalPosition: {x: 5.44, y: 13.91, z: 20.13}
  m_LocalScale: {x: 1, y: 1, z: 1}
  m_Children: []
  m_Father: {fileID: 0}
  m_RootOrder: 0
  m_LocalEulerAnglesHint: {x: 169.084, y: 0, z: -180}
--- !u!1 &608512440
GameObject:
  m_ObjectHideFlags: 0
  m_PrefabParentObject: {fileID: 0}
  m_PrefabInternal: {fileID: 0}
  serializedVersion: 5
  m_Component:
  - component: {fileID: 608512441}
  m_Layer: 0
  m_Name: InitTp
  m_TagString: Untagged
  m_Icon: {fileID: 0}
  m_NavMeshLayer: 0
  m_StaticEditorFlags: 0
  m_IsActive: 1
--- !u!4 &608512441
Transform:
  m_ObjectHideFlags: 0
  m_PrefabParentObject: {fileID: 0}
  m_PrefabInternal: {fileID: 0}
  m_GameObject: {fileID: 608512440}
  m_LocalRotation: {x: 0.000000029802319, y: -0, z: -0, w: 1}
  m_LocalPosition: {x: -1.5210953, y: 3.635868, z: 2.0084252}
  m_LocalScale: {x: 0.16355217, y: 0.1635521, z: 0.1635521}
  m_Children: []
  m_Father: {fileID: 2097164579}
  m_RootOrder: 0
  m_LocalEulerAnglesHint: {x: 0, y: 0, z: 0}
--- !u!4 &737718439 stripped
Transform:
  m_PrefabParentObject: {fileID: 4459876404608216, guid: 794fe6b480155e24e90264dc3bda680c,
    type: 2}
  m_PrefabInternal: {fileID: 1938246594}
--- !u!1 &755556861
GameObject:
  m_ObjectHideFlags: 0
  m_PrefabParentObject: {fileID: 0}
  m_PrefabInternal: {fileID: 0}
  serializedVersion: 5
  m_Component:
  - component: {fileID: 755556864}
  - component: {fileID: 755556863}
  - component: {fileID: 755556862}
  m_Layer: 0
  m_Name: EventSystem
  m_TagString: Untagged
  m_Icon: {fileID: 0}
  m_NavMeshLayer: 0
  m_StaticEditorFlags: 0
  m_IsActive: 1
--- !u!114 &755556862
MonoBehaviour:
  m_ObjectHideFlags: 0
  m_PrefabParentObject: {fileID: 0}
  m_PrefabInternal: {fileID: 0}
  m_GameObject: {fileID: 755556861}
  m_Enabled: 1
  m_EditorHideFlags: 0
  m_Script: {fileID: 1077351063, guid: f70555f144d8491a825f0804e09c671c, type: 3}
  m_Name: 
  m_EditorClassIdentifier: 
  m_HorizontalAxis: Horizontal
  m_VerticalAxis: Vertical
  m_SubmitButton: Submit
  m_CancelButton: Cancel
  m_InputActionsPerSecond: 10
  m_RepeatDelay: 0.5
  m_ForceModuleActive: 0
--- !u!114 &755556863
MonoBehaviour:
  m_ObjectHideFlags: 0
  m_PrefabParentObject: {fileID: 0}
  m_PrefabInternal: {fileID: 0}
  m_GameObject: {fileID: 755556861}
  m_Enabled: 1
  m_EditorHideFlags: 0
  m_Script: {fileID: -619905303, guid: f70555f144d8491a825f0804e09c671c, type: 3}
  m_Name: 
  m_EditorClassIdentifier: 
  m_FirstSelected: {fileID: 0}
  m_sendNavigationEvents: 1
  m_DragThreshold: 5
--- !u!4 &755556864
Transform:
  m_ObjectHideFlags: 0
  m_PrefabParentObject: {fileID: 0}
  m_PrefabInternal: {fileID: 0}
  m_GameObject: {fileID: 755556861}
  m_LocalRotation: {x: 0, y: 0, z: 0, w: 1}
  m_LocalPosition: {x: 0, y: 0, z: 0}
  m_LocalScale: {x: 1, y: 1, z: 1}
  m_Children: []
  m_Father: {fileID: 0}
  m_RootOrder: 6
  m_LocalEulerAnglesHint: {x: 0, y: 0, z: 0}
--- !u!4 &771921506 stripped
Transform:
  m_PrefabParentObject: {fileID: 4459876404608216, guid: 794fe6b480155e24e90264dc3bda680c,
    type: 2}
  m_PrefabInternal: {fileID: 1986218893}
--- !u!1 &794226647
GameObject:
  m_ObjectHideFlags: 0
  m_PrefabParentObject: {fileID: 0}
  m_PrefabInternal: {fileID: 0}
  serializedVersion: 5
  m_Component:
  - component: {fileID: 794226648}
  m_Layer: 0
  m_Name: Target1Tp
  m_TagString: Untagged
  m_Icon: {fileID: 0}
  m_NavMeshLayer: 0
  m_StaticEditorFlags: 0
  m_IsActive: 1
--- !u!4 &794226648
Transform:
  m_ObjectHideFlags: 0
  m_PrefabParentObject: {fileID: 0}
  m_PrefabInternal: {fileID: 0}
  m_GameObject: {fileID: 794226647}
  m_LocalRotation: {x: -0.22670501, y: -0, z: -0, w: 0.97396356}
  m_LocalPosition: {x: 2.8379998, y: 3.526, z: 0.8829999}
  m_LocalScale: {x: 0.3986765, y: 0.3986765, z: 0.055698518}
  m_Children: []
  m_Father: {fileID: 2097164579}
  m_RootOrder: 1
  m_LocalEulerAnglesHint: {x: -26.206001, y: 0, z: 0}
--- !u!1001 &796172824
Prefab:
  m_ObjectHideFlags: 0
  serializedVersion: 2
  m_Modification:
    m_TransformParent: {fileID: 804291790}
    m_Modifications:
    - target: {fileID: 4459876404608216, guid: 794fe6b480155e24e90264dc3bda680c, type: 2}
      propertyPath: m_LocalPosition.x
      value: 0.005
      objectReference: {fileID: 0}
    - target: {fileID: 4459876404608216, guid: 794fe6b480155e24e90264dc3bda680c, type: 2}
      propertyPath: m_LocalPosition.y
      value: 3.3818684
      objectReference: {fileID: 0}
    - target: {fileID: 4459876404608216, guid: 794fe6b480155e24e90264dc3bda680c, type: 2}
      propertyPath: m_LocalPosition.z
      value: -1.4200001
      objectReference: {fileID: 0}
    - target: {fileID: 4459876404608216, guid: 794fe6b480155e24e90264dc3bda680c, type: 2}
      propertyPath: m_LocalRotation.x
      value: -0
      objectReference: {fileID: 0}
    - target: {fileID: 4459876404608216, guid: 794fe6b480155e24e90264dc3bda680c, type: 2}
      propertyPath: m_LocalRotation.y
      value: -0
      objectReference: {fileID: 0}
    - target: {fileID: 4459876404608216, guid: 794fe6b480155e24e90264dc3bda680c, type: 2}
      propertyPath: m_LocalRotation.z
      value: -0
      objectReference: {fileID: 0}
    - target: {fileID: 4459876404608216, guid: 794fe6b480155e24e90264dc3bda680c, type: 2}
      propertyPath: m_LocalRotation.w
      value: 1
      objectReference: {fileID: 0}
    - target: {fileID: 4459876404608216, guid: 794fe6b480155e24e90264dc3bda680c, type: 2}
      propertyPath: m_RootOrder
      value: 5
      objectReference: {fileID: 0}
    - target: {fileID: 4459876404608216, guid: 794fe6b480155e24e90264dc3bda680c, type: 2}
      propertyPath: m_LocalScale.x
      value: 0.32327
      objectReference: {fileID: 0}
    - target: {fileID: 4459876404608216, guid: 794fe6b480155e24e90264dc3bda680c, type: 2}
      propertyPath: m_LocalScale.y
      value: 0.07784
      objectReference: {fileID: 0}
    - target: {fileID: 4459876404608216, guid: 794fe6b480155e24e90264dc3bda680c, type: 2}
      propertyPath: m_LocalScale.z
      value: 0.32327
      objectReference: {fileID: 0}
    - target: {fileID: 1988189994258764, guid: 794fe6b480155e24e90264dc3bda680c, type: 2}
      propertyPath: m_Name
      value: Bumper (6)
      objectReference: {fileID: 0}
    m_RemovedComponents: []
  m_ParentPrefab: {fileID: 100100000, guid: 794fe6b480155e24e90264dc3bda680c, type: 2}
  m_IsPrefabParent: 0
--- !u!1 &804291789
GameObject:
  m_ObjectHideFlags: 0
  m_PrefabParentObject: {fileID: 0}
  m_PrefabInternal: {fileID: 0}
  serializedVersion: 5
  m_Component:
  - component: {fileID: 804291790}
  m_Layer: 0
  m_Name: Bumpers
  m_TagString: Untagged
  m_Icon: {fileID: 0}
  m_NavMeshLayer: 0
  m_StaticEditorFlags: 0
  m_IsActive: 1
--- !u!4 &804291790
Transform:
  m_ObjectHideFlags: 0
  m_PrefabParentObject: {fileID: 0}
  m_PrefabInternal: {fileID: 0}
  m_GameObject: {fileID: 804291789}
  m_LocalRotation: {x: 0, y: 0, z: 0, w: 1}
  m_LocalPosition: {x: 0, y: 0, z: 0}
  m_LocalScale: {x: 1, y: 1, z: 1}
  m_Children:
  - {fileID: 771921506}
  - {fileID: 1081235202}
  - {fileID: 737718439}
  - {fileID: 221540636}
  - {fileID: 1077969419}
  - {fileID: 1955645315}
  - {fileID: 964156560}
  - {fileID: 43491201}
  - {fileID: 1395694617}
  - {fileID: 1540081532}
  - {fileID: 162817678}
  m_Father: {fileID: 78040232}
  m_RootOrder: 5
  m_LocalEulerAnglesHint: {x: 0, y: 0, z: 0}
--- !u!1 &835709217
GameObject:
  m_ObjectHideFlags: 0
  m_PrefabParentObject: {fileID: 0}
  m_PrefabInternal: {fileID: 0}
  serializedVersion: 5
  m_Component:
  - component: {fileID: 835709221}
  - component: {fileID: 835709220}
  - component: {fileID: 835709219}
  - component: {fileID: 835709218}
  m_Layer: 5
  m_Name: Canvas
  m_TagString: Untagged
  m_Icon: {fileID: 0}
  m_NavMeshLayer: 0
  m_StaticEditorFlags: 0
  m_IsActive: 1
--- !u!114 &835709218
MonoBehaviour:
  m_ObjectHideFlags: 0
  m_PrefabParentObject: {fileID: 0}
  m_PrefabInternal: {fileID: 0}
  m_GameObject: {fileID: 835709217}
  m_Enabled: 1
  m_EditorHideFlags: 0
  m_Script: {fileID: 1301386320, guid: f70555f144d8491a825f0804e09c671c, type: 3}
  m_Name: 
  m_EditorClassIdentifier: 
  m_IgnoreReversedGraphics: 1
  m_BlockingObjects: 0
  m_BlockingMask:
    serializedVersion: 2
    m_Bits: 4294967295
--- !u!114 &835709219
MonoBehaviour:
  m_ObjectHideFlags: 0
  m_PrefabParentObject: {fileID: 0}
  m_PrefabInternal: {fileID: 0}
  m_GameObject: {fileID: 835709217}
  m_Enabled: 1
  m_EditorHideFlags: 0
  m_Script: {fileID: 1980459831, guid: f70555f144d8491a825f0804e09c671c, type: 3}
  m_Name: 
  m_EditorClassIdentifier: 
  m_UiScaleMode: 0
  m_ReferencePixelsPerUnit: 100
  m_ScaleFactor: 1
  m_ReferenceResolution: {x: 800, y: 600}
  m_ScreenMatchMode: 0
  m_MatchWidthOrHeight: 0
  m_PhysicalUnit: 3
  m_FallbackScreenDPI: 96
  m_DefaultSpriteDPI: 96
  m_DynamicPixelsPerUnit: 1
--- !u!223 &835709220
Canvas:
  m_ObjectHideFlags: 0
  m_PrefabParentObject: {fileID: 0}
  m_PrefabInternal: {fileID: 0}
  m_GameObject: {fileID: 835709217}
  m_Enabled: 1
  serializedVersion: 2
  m_RenderMode: 0
  m_Camera: {fileID: 542800849}
  m_PlaneDistance: 100
  m_PixelPerfect: 0
  m_ReceivesEvents: 1
  m_OverrideSorting: 0
  m_OverridePixelPerfect: 0
  m_SortingBucketNormalizedSize: 0
  m_SortingLayerID: 0
  m_SortingOrder: 0
  m_TargetDisplay: 0
--- !u!224 &835709221
RectTransform:
  m_ObjectHideFlags: 0
  m_PrefabParentObject: {fileID: 0}
  m_PrefabInternal: {fileID: 0}
  m_GameObject: {fileID: 835709217}
  m_LocalRotation: {x: 0, y: 0, z: 0, w: 1}
  m_LocalPosition: {x: 0, y: 0, z: 0}
  m_LocalScale: {x: 0, y: 0, z: 0}
  m_Children:
  - {fileID: 303282067}
  - {fileID: 1480537617}
  m_Father: {fileID: 0}
  m_RootOrder: 4
  m_LocalEulerAnglesHint: {x: 0, y: 0, z: 0}
  m_AnchorMin: {x: 0, y: 0}
  m_AnchorMax: {x: 0, y: 0}
  m_AnchoredPosition: {x: 0, y: 0}
  m_SizeDelta: {x: 0, y: 0}
  m_Pivot: {x: 0, y: 0}
--- !u!1001 &840754286
Prefab:
  m_ObjectHideFlags: 0
  serializedVersion: 2
  m_Modification:
    m_TransformParent: {fileID: 804291790}
    m_Modifications:
    - target: {fileID: 4459876404608216, guid: 794fe6b480155e24e90264dc3bda680c, type: 2}
      propertyPath: m_LocalPosition.x
      value: -0.7013049
      objectReference: {fileID: 0}
    - target: {fileID: 4459876404608216, guid: 794fe6b480155e24e90264dc3bda680c, type: 2}
      propertyPath: m_LocalPosition.y
      value: 3.338
      objectReference: {fileID: 0}
    - target: {fileID: 4459876404608216, guid: 794fe6b480155e24e90264dc3bda680c, type: 2}
      propertyPath: m_LocalPosition.z
      value: 2.676
      objectReference: {fileID: 0}
    - target: {fileID: 4459876404608216, guid: 794fe6b480155e24e90264dc3bda680c, type: 2}
      propertyPath: m_LocalRotation.x
      value: 0.058994934
      objectReference: {fileID: 0}
    - target: {fileID: 4459876404608216, guid: 794fe6b480155e24e90264dc3bda680c, type: 2}
      propertyPath: m_LocalRotation.y
      value: -0
      objectReference: {fileID: 0}
    - target: {fileID: 4459876404608216, guid: 794fe6b480155e24e90264dc3bda680c, type: 2}
      propertyPath: m_LocalRotation.z
      value: -0
      objectReference: {fileID: 0}
    - target: {fileID: 4459876404608216, guid: 794fe6b480155e24e90264dc3bda680c, type: 2}
      propertyPath: m_LocalRotation.w
      value: 0.9982583
      objectReference: {fileID: 0}
    - target: {fileID: 4459876404608216, guid: 794fe6b480155e24e90264dc3bda680c, type: 2}
      propertyPath: m_RootOrder
      value: 8
      objectReference: {fileID: 0}
    - target: {fileID: 4459876404608216, guid: 794fe6b480155e24e90264dc3bda680c, type: 2}
      propertyPath: m_LocalEulerAnglesHint.x
      value: 32.846
      objectReference: {fileID: 0}
    - target: {fileID: 1988189994258764, guid: 794fe6b480155e24e90264dc3bda680c, type: 2}
      propertyPath: m_Name
      value: Bumper(9)
      objectReference: {fileID: 0}
    - target: {fileID: 4459876404608216, guid: 794fe6b480155e24e90264dc3bda680c, type: 2}
      propertyPath: m_LocalScale.y
      value: 0.077836566
      objectReference: {fileID: 0}
    m_RemovedComponents: []
  m_ParentPrefab: {fileID: 100100000, guid: 794fe6b480155e24e90264dc3bda680c, type: 2}
  m_IsPrefabParent: 0
--- !u!1001 &882591152
Prefab:
  m_ObjectHideFlags: 0
  serializedVersion: 2
  m_Modification:
    m_TransformParent: {fileID: 78040232}
    m_Modifications:
    - target: {fileID: 400000, guid: 47a4e286bfcc84c40bd4b6112cf6bf6c, type: 3}
      propertyPath: m_LocalPosition.x
      value: 0.6050134
      objectReference: {fileID: 0}
    - target: {fileID: 400000, guid: 47a4e286bfcc84c40bd4b6112cf6bf6c, type: 3}
      propertyPath: m_LocalPosition.y
      value: 0.6042814
      objectReference: {fileID: 0}
    - target: {fileID: 400000, guid: 47a4e286bfcc84c40bd4b6112cf6bf6c, type: 3}
      propertyPath: m_LocalPosition.z
      value: -1.915093
      objectReference: {fileID: 0}
    - target: {fileID: 400000, guid: 47a4e286bfcc84c40bd4b6112cf6bf6c, type: 3}
      propertyPath: m_LocalRotation.x
      value: -0.7071068
      objectReference: {fileID: 0}
    - target: {fileID: 400000, guid: 47a4e286bfcc84c40bd4b6112cf6bf6c, type: 3}
      propertyPath: m_LocalRotation.y
      value: -0
      objectReference: {fileID: 0}
    - target: {fileID: 400000, guid: 47a4e286bfcc84c40bd4b6112cf6bf6c, type: 3}
      propertyPath: m_LocalRotation.z
      value: -0
      objectReference: {fileID: 0}
    - target: {fileID: 400000, guid: 47a4e286bfcc84c40bd4b6112cf6bf6c, type: 3}
      propertyPath: m_LocalRotation.w
      value: 0.7071068
      objectReference: {fileID: 0}
    - target: {fileID: 400000, guid: 47a4e286bfcc84c40bd4b6112cf6bf6c, type: 3}
      propertyPath: m_RootOrder
      value: 0
      objectReference: {fileID: 0}
    - target: {fileID: 400000, guid: 47a4e286bfcc84c40bd4b6112cf6bf6c, type: 3}
      propertyPath: m_LocalScale.y
      value: 2.540001
      objectReference: {fileID: 0}
    - target: {fileID: 400000, guid: 47a4e286bfcc84c40bd4b6112cf6bf6c, type: 3}
      propertyPath: m_LocalScale.z
      value: 6.3150725
      objectReference: {fileID: 0}
    - target: {fileID: 2300000, guid: 47a4e286bfcc84c40bd4b6112cf6bf6c, type: 3}
      propertyPath: m_Materials.Array.data[0]
      value: 
      objectReference: {fileID: 2100000, guid: 0e5ad2dcbb159fb43875c93e602c311f, type: 2}
    - target: {fileID: 2300000, guid: 47a4e286bfcc84c40bd4b6112cf6bf6c, type: 3}
      propertyPath: m_Materials.Array.data[1]
      value: 
      objectReference: {fileID: 2100000, guid: 0e5ad2dcbb159fb43875c93e602c311f, type: 2}
    - target: {fileID: 2300000, guid: 47a4e286bfcc84c40bd4b6112cf6bf6c, type: 3}
      propertyPath: m_Materials.Array.data[2]
      value: 
      objectReference: {fileID: 2100000, guid: 0e5ad2dcbb159fb43875c93e602c311f, type: 2}
    - target: {fileID: 2300000, guid: 47a4e286bfcc84c40bd4b6112cf6bf6c, type: 3}
      propertyPath: m_Materials.Array.data[3]
      value: 
      objectReference: {fileID: 2100000, guid: 0e5ad2dcbb159fb43875c93e602c311f, type: 2}
    m_RemovedComponents: []
  m_ParentPrefab: {fileID: 100100000, guid: 47a4e286bfcc84c40bd4b6112cf6bf6c, type: 3}
  m_IsPrefabParent: 0
--- !u!1 &884777455
GameObject:
  m_ObjectHideFlags: 0
  m_PrefabParentObject: {fileID: 0}
  m_PrefabInternal: {fileID: 0}
  serializedVersion: 5
  m_Component:
  - component: {fileID: 884777456}
  - component: {fileID: 884777457}
  m_Layer: 0
  m_Name: ColExitMuelle
  m_TagString: exitMuelle
  m_Icon: {fileID: 0}
  m_NavMeshLayer: 0
  m_StaticEditorFlags: 0
  m_IsActive: 1
--- !u!4 &884777456
Transform:
  m_ObjectHideFlags: 0
  m_PrefabParentObject: {fileID: 0}
  m_PrefabInternal: {fileID: 0}
  m_GameObject: {fileID: 884777455}
  m_LocalRotation: {x: -0, y: -1, z: -0, w: 0}
  m_LocalPosition: {x: 4.71, y: 2.49, z: 7.92}
  m_LocalScale: {x: 1.7098551, y: 4.648843, z: 1.7098552}
  m_Children: []
  m_Father: {fileID: 307278226}
  m_RootOrder: 0
  m_LocalEulerAnglesHint: {x: 0, y: 0, z: 0}
--- !u!65 &884777457
BoxCollider:
  m_ObjectHideFlags: 0
  m_PrefabParentObject: {fileID: 0}
  m_PrefabInternal: {fileID: 0}
  m_GameObject: {fileID: 884777455}
  m_Material: {fileID: 0}
  m_IsTrigger: 1
  m_Enabled: 1
  serializedVersion: 2
  m_Size: {x: 0.76033443, y: 1.0883356, z: 3.2060287}
  m_Center: {x: 0.119831525, y: -0.04419581, z: 0.023631373}
--- !u!1 &909558779
GameObject:
  m_ObjectHideFlags: 0
  m_PrefabParentObject: {fileID: 0}
  m_PrefabInternal: {fileID: 0}
  serializedVersion: 5
  m_Component:
  - component: {fileID: 909558780}
  - component: {fileID: 909558783}
  - component: {fileID: 909558782}
  - component: {fileID: 909558781}
  m_Layer: 0
  m_Name: Target3
  m_TagString: target1
  m_Icon: {fileID: 0}
  m_NavMeshLayer: 0
  m_StaticEditorFlags: 0
  m_IsActive: 1
--- !u!4 &909558780
Transform:
  m_ObjectHideFlags: 0
  m_PrefabParentObject: {fileID: 0}
  m_PrefabInternal: {fileID: 0}
  m_GameObject: {fileID: 909558779}
  m_LocalRotation: {x: -0.3568382, y: -0, z: -0, w: 0.9341662}
  m_LocalPosition: {x: 1.66, y: 3.2600002, z: 1.9}
  m_LocalScale: {x: 0.39868, y: 0.39868003, z: 0.055700004}
  m_Children:
  - {fileID: 2029959973}
  m_Father: {fileID: 1167569728}
  m_RootOrder: 2
  m_LocalEulerAnglesHint: {x: -41.812, y: 0, z: 0}
--- !u!23 &909558781
MeshRenderer:
  m_ObjectHideFlags: 0
  m_PrefabParentObject: {fileID: 0}
  m_PrefabInternal: {fileID: 0}
  m_GameObject: {fileID: 909558779}
  m_Enabled: 1
  m_CastShadows: 1
  m_ReceiveShadows: 1
  m_MotionVectors: 1
  m_LightProbeUsage: 1
  m_ReflectionProbeUsage: 1
  m_Materials:
  - {fileID: 10303, guid: 0000000000000000f000000000000000, type: 0}
  m_StaticBatchInfo:
    firstSubMesh: 0
    subMeshCount: 0
  m_StaticBatchRoot: {fileID: 0}
  m_ProbeAnchor: {fileID: 0}
  m_LightProbeVolumeOverride: {fileID: 0}
  m_ScaleInLightmap: 1
  m_PreserveUVs: 1
  m_IgnoreNormalsForChartDetection: 0
  m_ImportantGI: 0
  m_SelectedEditorRenderState: 3
  m_MinimumChartSize: 4
  m_AutoUVMaxDistance: 0.5
  m_AutoUVMaxAngle: 89
  m_LightmapParameters: {fileID: 0}
  m_SortingLayerID: 0
  m_SortingOrder: 0
--- !u!65 &909558782
BoxCollider:
  m_ObjectHideFlags: 0
  m_PrefabParentObject: {fileID: 0}
  m_PrefabInternal: {fileID: 0}
  m_GameObject: {fileID: 909558779}
  m_Material: {fileID: 0}
  m_IsTrigger: 1
  m_Enabled: 1
  serializedVersion: 2
  m_Size: {x: 1, y: 1, z: 1}
  m_Center: {x: 0, y: 0, z: 0}
--- !u!33 &909558783
MeshFilter:
  m_ObjectHideFlags: 0
  m_PrefabParentObject: {fileID: 0}
  m_PrefabInternal: {fileID: 0}
  m_GameObject: {fileID: 909558779}
  m_Mesh: {fileID: 10202, guid: 0000000000000000e000000000000000, type: 0}
--- !u!1 &935394995
GameObject:
  m_ObjectHideFlags: 0
  m_PrefabParentObject: {fileID: 0}
  m_PrefabInternal: {fileID: 0}
  serializedVersion: 5
  m_Component:
  - component: {fileID: 935394996}
  - component: {fileID: 935395000}
  - component: {fileID: 935394999}
  - component: {fileID: 935394998}
  - component: {fileID: 935394997}
  m_Layer: 0
  m_Name: ButtonInsertCoin
  m_TagString: Untagged
  m_Icon: {fileID: 0}
  m_NavMeshLayer: 0
  m_StaticEditorFlags: 0
  m_IsActive: 1
--- !u!4 &935394996
Transform:
  m_ObjectHideFlags: 0
  m_PrefabParentObject: {fileID: 0}
  m_PrefabInternal: {fileID: 0}
  m_GameObject: {fileID: 935394995}
  m_LocalRotation: {x: 0, y: 0, z: 0, w: 1}
  m_LocalPosition: {x: 1.89, y: 3.61, z: 6.87}
  m_LocalScale: {x: 1, y: 1, z: 1}
  m_Children: []
  m_Father: {fileID: 78040232}
  m_RootOrder: 4
  m_LocalEulerAnglesHint: {x: 0, y: 0, z: 0}
--- !u!114 &935394997
MonoBehaviour:
  m_ObjectHideFlags: 0
  m_PrefabParentObject: {fileID: 0}
  m_PrefabInternal: {fileID: 0}
  m_GameObject: {fileID: 935394995}
  m_Enabled: 1
  m_EditorHideFlags: 0
  m_Script: {fileID: 11500000, guid: 958382a4903d6964d862a0915c2e27e4, type: 3}
  m_Name: 
  m_EditorClassIdentifier: 
  GameManager: {fileID: 1185982033}
  ball: {fileID: 1750938756079704, guid: 5629b4304e47d0542b57c1e0cbafd1b3, type: 2}
  initTp: {fileID: 608512440}
  Muelle: {fileID: 390759954}
--- !u!23 &935394998
MeshRenderer:
  m_ObjectHideFlags: 0
  m_PrefabParentObject: {fileID: 0}
  m_PrefabInternal: {fileID: 0}
  m_GameObject: {fileID: 935394995}
  m_Enabled: 1
  m_CastShadows: 1
  m_ReceiveShadows: 1
  m_MotionVectors: 1
  m_LightProbeUsage: 1
  m_ReflectionProbeUsage: 1
  m_Materials:
  - {fileID: 2100000, guid: cc85fc1ef39c3ef47a62c68f92665caf, type: 2}
  m_StaticBatchInfo:
    firstSubMesh: 0
    subMeshCount: 0
  m_StaticBatchRoot: {fileID: 0}
  m_ProbeAnchor: {fileID: 0}
  m_LightProbeVolumeOverride: {fileID: 0}
  m_ScaleInLightmap: 1
  m_PreserveUVs: 1
  m_IgnoreNormalsForChartDetection: 0
  m_ImportantGI: 0
  m_SelectedEditorRenderState: 3
  m_MinimumChartSize: 4
  m_AutoUVMaxDistance: 0.5
  m_AutoUVMaxAngle: 89
  m_LightmapParameters: {fileID: 0}
  m_SortingLayerID: 0
  m_SortingOrder: 0
--- !u!65 &935394999
BoxCollider:
  m_ObjectHideFlags: 0
  m_PrefabParentObject: {fileID: 0}
  m_PrefabInternal: {fileID: 0}
  m_GameObject: {fileID: 935394995}
  m_Material: {fileID: 0}
  m_IsTrigger: 1
  m_Enabled: 1
  serializedVersion: 2
  m_Size: {x: 1, y: 3.1264055, z: 1}
  m_Center: {x: -0.00000011920929, y: 1.0632036, z: 0}
--- !u!33 &935395000
MeshFilter:
  m_ObjectHideFlags: 0
  m_PrefabParentObject: {fileID: 0}
  m_PrefabInternal: {fileID: 0}
  m_GameObject: {fileID: 935394995}
  m_Mesh: {fileID: 10202, guid: 0000000000000000e000000000000000, type: 0}
--- !u!4 &964156560 stripped
Transform:
  m_PrefabParentObject: {fileID: 4459876404608216, guid: 794fe6b480155e24e90264dc3bda680c,
    type: 2}
  m_PrefabInternal: {fileID: 1111937700}
--- !u!1 &977606938
GameObject:
  m_ObjectHideFlags: 0
  m_PrefabParentObject: {fileID: 0}
  m_PrefabInternal: {fileID: 0}
  serializedVersion: 5
  m_Component:
  - component: {fileID: 977606939}
  m_Layer: 0
  m_Name: Flippers
  m_TagString: Untagged
  m_Icon: {fileID: 0}
  m_NavMeshLayer: 0
  m_StaticEditorFlags: 0
  m_IsActive: 1
--- !u!4 &977606939
Transform:
  m_ObjectHideFlags: 0
  m_PrefabParentObject: {fileID: 0}
  m_PrefabInternal: {fileID: 0}
  m_GameObject: {fileID: 977606938}
  m_LocalRotation: {x: 0, y: 0, z: 0, w: 1}
  m_LocalPosition: {x: 0, y: 0, z: 0}
  m_LocalScale: {x: 1, y: 1, z: 1}
  m_Children:
  - {fileID: 1043634652}
  - {fileID: 1382522682}
  m_Father: {fileID: 78040232}
  m_RootOrder: 2
  m_LocalEulerAnglesHint: {x: 0, y: 0, z: 0}
--- !u!1001 &1014773250
Prefab:
  m_ObjectHideFlags: 0
  serializedVersion: 2
  m_Modification:
    m_TransformParent: {fileID: 804291790}
    m_Modifications:
    - target: {fileID: 4459876404608216, guid: 794fe6b480155e24e90264dc3bda680c, type: 2}
      propertyPath: m_LocalPosition.x
      value: -1.1853645
      objectReference: {fileID: 0}
    - target: {fileID: 4459876404608216, guid: 794fe6b480155e24e90264dc3bda680c, type: 2}
      propertyPath: m_LocalPosition.y
      value: 3.423
      objectReference: {fileID: 0}
    - target: {fileID: 4459876404608216, guid: 794fe6b480155e24e90264dc3bda680c, type: 2}
      propertyPath: m_LocalPosition.z
      value: -1.694
      objectReference: {fileID: 0}
    - target: {fileID: 4459876404608216, guid: 794fe6b480155e24e90264dc3bda680c, type: 2}
      propertyPath: m_LocalRotation.x
      value: 0.057403877
      objectReference: {fileID: 0}
    - target: {fileID: 4459876404608216, guid: 794fe6b480155e24e90264dc3bda680c, type: 2}
      propertyPath: m_LocalRotation.y
      value: -0
      objectReference: {fileID: 0}
    - target: {fileID: 4459876404608216, guid: 794fe6b480155e24e90264dc3bda680c, type: 2}
      propertyPath: m_LocalRotation.z
      value: -0
      objectReference: {fileID: 0}
    - target: {fileID: 4459876404608216, guid: 794fe6b480155e24e90264dc3bda680c, type: 2}
      propertyPath: m_LocalRotation.w
      value: 0.99835104
      objectReference: {fileID: 0}
    - target: {fileID: 4459876404608216, guid: 794fe6b480155e24e90264dc3bda680c, type: 2}
      propertyPath: m_RootOrder
      value: 7
      objectReference: {fileID: 0}
    - target: {fileID: 4459876404608216, guid: 794fe6b480155e24e90264dc3bda680c, type: 2}
      propertyPath: m_LocalEulerAnglesHint.x
      value: 32.663002
      objectReference: {fileID: 0}
    - target: {fileID: 1988189994258764, guid: 794fe6b480155e24e90264dc3bda680c, type: 2}
      propertyPath: m_Name
      value: Bumper8
      objectReference: {fileID: 0}
    m_RemovedComponents: []
  m_ParentPrefab: {fileID: 100100000, guid: 794fe6b480155e24e90264dc3bda680c, type: 2}
  m_IsPrefabParent: 0
--- !u!4 &1043634652 stripped
Transform:
  m_PrefabParentObject: {fileID: 4387082352195064, guid: e2993c189407bfe48921dde9b36303f4,
    type: 2}
  m_PrefabInternal: {fileID: 1151892856}
--- !u!4 &1077969419 stripped
Transform:
  m_PrefabParentObject: {fileID: 4459876404608216, guid: 794fe6b480155e24e90264dc3bda680c,
    type: 2}
  m_PrefabInternal: {fileID: 455831220}
--- !u!4 &1081235202 stripped
Transform:
  m_PrefabParentObject: {fileID: 4459876404608216, guid: 794fe6b480155e24e90264dc3bda680c,
    type: 2}
  m_PrefabInternal: {fileID: 2142581838}
--- !u!1 &1099745744
GameObject:
  m_ObjectHideFlags: 0
  m_PrefabParentObject: {fileID: 0}
  m_PrefabInternal: {fileID: 0}
  serializedVersion: 5
  m_Component:
  - component: {fileID: 1099745745}
  - component: {fileID: 1099745748}
  - component: {fileID: 1099745747}
  - component: {fileID: 1099745746}
  m_Layer: 0
  m_Name: Cube
  m_TagString: Untagged
  m_Icon: {fileID: 0}
  m_NavMeshLayer: 0
  m_StaticEditorFlags: 0
  m_IsActive: 1
--- !u!4 &1099745745
Transform:
  m_ObjectHideFlags: 0
  m_PrefabParentObject: {fileID: 0}
  m_PrefabInternal: {fileID: 0}
  m_GameObject: {fileID: 1099745744}
  m_LocalRotation: {x: 0, y: 0, z: 0, w: 1}
  m_LocalPosition: {x: 0.62, y: 8.18, z: -2.82}
  m_LocalScale: {x: 5.181096, y: 2.7383854, z: 0.273036}
  m_Children: []
  m_Father: {fileID: 1366638865}
  m_RootOrder: 0
  m_LocalEulerAnglesHint: {x: 0, y: 0, z: 0}
--- !u!23 &1099745746
MeshRenderer:
  m_ObjectHideFlags: 0
  m_PrefabParentObject: {fileID: 0}
  m_PrefabInternal: {fileID: 0}
  m_GameObject: {fileID: 1099745744}
  m_Enabled: 1
  m_CastShadows: 1
  m_ReceiveShadows: 1
  m_MotionVectors: 1
  m_LightProbeUsage: 1
  m_ReflectionProbeUsage: 1
  m_Materials:
  - {fileID: 2100000, guid: 9982e76b21661ff4f9fa1da68f0e4d1d, type: 2}
  m_StaticBatchInfo:
    firstSubMesh: 0
    subMeshCount: 0
  m_StaticBatchRoot: {fileID: 0}
  m_ProbeAnchor: {fileID: 0}
  m_LightProbeVolumeOverride: {fileID: 0}
  m_ScaleInLightmap: 1
  m_PreserveUVs: 1
  m_IgnoreNormalsForChartDetection: 0
  m_ImportantGI: 0
  m_SelectedEditorRenderState: 3
  m_MinimumChartSize: 4
  m_AutoUVMaxDistance: 0.5
  m_AutoUVMaxAngle: 89
  m_LightmapParameters: {fileID: 0}
  m_SortingLayerID: 0
  m_SortingOrder: 0
--- !u!65 &1099745747
BoxCollider:
  m_ObjectHideFlags: 0
  m_PrefabParentObject: {fileID: 0}
  m_PrefabInternal: {fileID: 0}
  m_GameObject: {fileID: 1099745744}
  m_Material: {fileID: 0}
  m_IsTrigger: 0
  m_Enabled: 1
  serializedVersion: 2
  m_Size: {x: 1, y: 1, z: 1}
  m_Center: {x: 0, y: 0, z: 0}
--- !u!33 &1099745748
MeshFilter:
  m_ObjectHideFlags: 0
  m_PrefabParentObject: {fileID: 0}
  m_PrefabInternal: {fileID: 0}
  m_GameObject: {fileID: 1099745744}
  m_Mesh: {fileID: 10202, guid: 0000000000000000e000000000000000, type: 0}
--- !u!1001 &1111937700
Prefab:
  m_ObjectHideFlags: 0
  serializedVersion: 2
  m_Modification:
    m_TransformParent: {fileID: 804291790}
    m_Modifications:
    - target: {fileID: 4459876404608216, guid: 794fe6b480155e24e90264dc3bda680c, type: 2}
      propertyPath: m_LocalPosition.x
      value: 1.81
      objectReference: {fileID: 0}
    - target: {fileID: 4459876404608216, guid: 794fe6b480155e24e90264dc3bda680c, type: 2}
      propertyPath: m_LocalPosition.y
      value: 3.3818684
      objectReference: {fileID: 0}
    - target: {fileID: 4459876404608216, guid: 794fe6b480155e24e90264dc3bda680c, type: 2}
      propertyPath: m_LocalPosition.z
      value: 0.69000006
      objectReference: {fileID: 0}
    - target: {fileID: 4459876404608216, guid: 794fe6b480155e24e90264dc3bda680c, type: 2}
      propertyPath: m_LocalRotation.x
      value: -0
      objectReference: {fileID: 0}
    - target: {fileID: 4459876404608216, guid: 794fe6b480155e24e90264dc3bda680c, type: 2}
      propertyPath: m_LocalRotation.y
      value: -0
      objectReference: {fileID: 0}
    - target: {fileID: 4459876404608216, guid: 794fe6b480155e24e90264dc3bda680c, type: 2}
      propertyPath: m_LocalRotation.z
      value: -0
      objectReference: {fileID: 0}
    - target: {fileID: 4459876404608216, guid: 794fe6b480155e24e90264dc3bda680c, type: 2}
      propertyPath: m_LocalRotation.w
      value: 1
      objectReference: {fileID: 0}
    - target: {fileID: 4459876404608216, guid: 794fe6b480155e24e90264dc3bda680c, type: 2}
      propertyPath: m_RootOrder
      value: 6
      objectReference: {fileID: 0}
    - target: {fileID: 4459876404608216, guid: 794fe6b480155e24e90264dc3bda680c, type: 2}
      propertyPath: m_LocalScale.x
      value: 0.32327
      objectReference: {fileID: 0}
    - target: {fileID: 4459876404608216, guid: 794fe6b480155e24e90264dc3bda680c, type: 2}
      propertyPath: m_LocalScale.y
      value: 0.07784
      objectReference: {fileID: 0}
    - target: {fileID: 4459876404608216, guid: 794fe6b480155e24e90264dc3bda680c, type: 2}
      propertyPath: m_LocalScale.z
      value: 0.32327
      objectReference: {fileID: 0}
    - target: {fileID: 1988189994258764, guid: 794fe6b480155e24e90264dc3bda680c, type: 2}
      propertyPath: m_Name
      value: Bumper (7)
      objectReference: {fileID: 0}
    m_RemovedComponents: []
  m_ParentPrefab: {fileID: 100100000, guid: 794fe6b480155e24e90264dc3bda680c, type: 2}
  m_IsPrefabParent: 0
--- !u!1001 &1151892856
Prefab:
  m_ObjectHideFlags: 0
  serializedVersion: 2
  m_Modification:
    m_TransformParent: {fileID: 977606939}
    m_Modifications:
    - target: {fileID: 4387082352195064, guid: e2993c189407bfe48921dde9b36303f4, type: 2}
      propertyPath: m_LocalPosition.x
      value: 0.47969532
      objectReference: {fileID: 0}
    - target: {fileID: 4387082352195064, guid: e2993c189407bfe48921dde9b36303f4, type: 2}
      propertyPath: m_LocalPosition.y
      value: 3.3693733
      objectReference: {fileID: 0}
    - target: {fileID: 4387082352195064, guid: e2993c189407bfe48921dde9b36303f4, type: 2}
      propertyPath: m_LocalPosition.z
      value: 4.6994257
      objectReference: {fileID: 0}
    - target: {fileID: 4387082352195064, guid: e2993c189407bfe48921dde9b36303f4, type: 2}
      propertyPath: m_LocalRotation.x
      value: -0
      objectReference: {fileID: 0}
    - target: {fileID: 4387082352195064, guid: e2993c189407bfe48921dde9b36303f4, type: 2}
      propertyPath: m_LocalRotation.y
      value: -0.19573215
      objectReference: {fileID: 0}
    - target: {fileID: 4387082352195064, guid: e2993c189407bfe48921dde9b36303f4, type: 2}
      propertyPath: m_LocalRotation.z
      value: -0
      objectReference: {fileID: 0}
    - target: {fileID: 4387082352195064, guid: e2993c189407bfe48921dde9b36303f4, type: 2}
      propertyPath: m_LocalRotation.w
      value: 0.9806574
      objectReference: {fileID: 0}
    - target: {fileID: 4387082352195064, guid: e2993c189407bfe48921dde9b36303f4, type: 2}
      propertyPath: m_RootOrder
      value: 0
      objectReference: {fileID: 0}
    - target: {fileID: 59730584002775688, guid: e2993c189407bfe48921dde9b36303f4,
        type: 2}
      propertyPath: m_ConnectedAnchor.y
      value: 10.370161
      objectReference: {fileID: 0}
    - target: {fileID: 59730584002775688, guid: e2993c189407bfe48921dde9b36303f4,
        type: 2}
      propertyPath: m_ConnectedAnchor.z
      value: 10.332912
      objectReference: {fileID: 0}
    - target: {fileID: 4387082352195064, guid: e2993c189407bfe48921dde9b36303f4, type: 2}
      propertyPath: m_LocalScale.x
      value: 0.47746873
      objectReference: {fileID: 0}
    - target: {fileID: 4387082352195064, guid: e2993c189407bfe48921dde9b36303f4, type: 2}
      propertyPath: m_LocalScale.y
      value: 0.28501186
      objectReference: {fileID: 0}
    - target: {fileID: 4387082352195064, guid: e2993c189407bfe48921dde9b36303f4, type: 2}
      propertyPath: m_LocalScale.z
      value: 0.04869029
      objectReference: {fileID: 0}
    - target: {fileID: 4387082352195064, guid: e2993c189407bfe48921dde9b36303f4, type: 2}
      propertyPath: m_LocalEulerAnglesHint.y
      value: -22.575
      objectReference: {fileID: 0}
    - target: {fileID: 59730584002775688, guid: e2993c189407bfe48921dde9b36303f4,
        type: 2}
      propertyPath: m_Anchor.x
      value: -0.5
      objectReference: {fileID: 0}
    - target: {fileID: 59730584002775688, guid: e2993c189407bfe48921dde9b36303f4,
        type: 2}
      propertyPath: m_ConnectedAnchor.x
      value: 4.8425584
      objectReference: {fileID: 0}
    - target: {fileID: 59730584002775688, guid: e2993c189407bfe48921dde9b36303f4,
        type: 2}
      propertyPath: m_Axis.y
      value: -1
      objectReference: {fileID: 0}
    - target: {fileID: 114333298537191848, guid: e2993c189407bfe48921dde9b36303f4,
        type: 2}
      propertyPath: pressedPosition
      value: -40
      objectReference: {fileID: 0}
    - target: {fileID: 114333298537191848, guid: e2993c189407bfe48921dde9b36303f4,
        type: 2}
      propertyPath: flipperStrength
      value: 10000
      objectReference: {fileID: 0}
    - target: {fileID: 23022539404558522, guid: e2993c189407bfe48921dde9b36303f4,
        type: 2}
      propertyPath: m_Materials.Array.data[0]
      value: 
      objectReference: {fileID: 2100000, guid: 3c33cb17b549e754ab72bc30ab01812d, type: 2}
    m_RemovedComponents: []
  m_ParentPrefab: {fileID: 100100000, guid: e2993c189407bfe48921dde9b36303f4, type: 2}
  m_IsPrefabParent: 0
--- !u!1 &1167569727
GameObject:
  m_ObjectHideFlags: 0
  m_PrefabParentObject: {fileID: 0}
  m_PrefabInternal: {fileID: 0}
  serializedVersion: 5
  m_Component:
  - component: {fileID: 1167569728}
  m_Layer: 0
  m_Name: Targets
  m_TagString: Untagged
  m_Icon: {fileID: 0}
  m_NavMeshLayer: 0
  m_StaticEditorFlags: 0
  m_IsActive: 1
--- !u!4 &1167569728
Transform:
  m_ObjectHideFlags: 0
  m_PrefabParentObject: {fileID: 0}
  m_PrefabInternal: {fileID: 0}
  m_GameObject: {fileID: 1167569727}
  m_LocalRotation: {x: 0, y: 0, z: 0, w: 1}
  m_LocalPosition: {x: 0, y: 0, z: 0}
  m_LocalScale: {x: 1, y: 1, z: 1}
  m_Children:
  - {fileID: 356247864}
  - {fileID: 406349518}
  - {fileID: 909558780}
  m_Father: {fileID: 78040232}
  m_RootOrder: 8
  m_LocalEulerAnglesHint: {x: 0, y: 0, z: 0}
--- !u!1 &1185982033
GameObject:
  m_ObjectHideFlags: 0
  m_PrefabParentObject: {fileID: 0}
  m_PrefabInternal: {fileID: 0}
  serializedVersion: 5
  m_Component:
  - component: {fileID: 1185982035}
  - component: {fileID: 1185982034}
  m_Layer: 0
  m_Name: GameManager
  m_TagString: Untagged
  m_Icon: {fileID: 0}
  m_NavMeshLayer: 0
  m_StaticEditorFlags: 0
  m_IsActive: 1
--- !u!114 &1185982034
MonoBehaviour:
  m_ObjectHideFlags: 0
  m_PrefabParentObject: {fileID: 0}
  m_PrefabInternal: {fileID: 0}
  m_GameObject: {fileID: 1185982033}
  m_Enabled: 1
  m_EditorHideFlags: 0
  m_Script: {fileID: 11500000, guid: 6a9a9361f765fba45a11b1a96e2f740d, type: 3}
  m_Name: 
  m_EditorClassIdentifier: 
  score: 0
  lifes: 0
  textLife: {fileID: 303282068}
  textScore: {fileID: 1480537618}
  lightTarget1: {fileID: 353552759}
  lightTarget2: {fileID: 387509405}
  lightTarget3: {fileID: 2029959974}
  ball: {fileID: 1750938756079704, guid: 5629b4304e47d0542b57c1e0cbafd1b3, type: 2}
  initTp: {fileID: 608512440}
  mainMuelle: {fileID: 390759954}
  target1: {fileID: 356247863}
  target2: {fileID: 406349517}
  target3: {fileID: 909558779}
  tpTarget1: {fileID: 794226647}
  tpTarget2: {fileID: 1470144599}
  tpTarget3: {fileID: 496533634}
--- !u!4 &1185982035
Transform:
  m_ObjectHideFlags: 0
  m_PrefabParentObject: {fileID: 0}
  m_PrefabInternal: {fileID: 0}
  m_GameObject: {fileID: 1185982033}
  m_LocalRotation: {x: 0, y: 0, z: 0, w: 1}
  m_LocalPosition: {x: 6.4173737, y: 13.181483, z: 6.3544197}
  m_LocalScale: {x: 1, y: 1, z: 1}
  m_Children: []
  m_Father: {fileID: 0}
  m_RootOrder: 2
  m_LocalEulerAnglesHint: {x: 0, y: 0, z: 0}
--- !u!1 &1194060854
GameObject:
  m_ObjectHideFlags: 0
  m_PrefabParentObject: {fileID: 0}
  m_PrefabInternal: {fileID: 0}
  serializedVersion: 5
  m_Component:
  - component: {fileID: 1194060858}
  - component: {fileID: 1194060857}
  - component: {fileID: 1194060856}
  - component: {fileID: 1194060855}
  m_Layer: 0
  m_Name: Background
  m_TagString: Untagged
  m_Icon: {fileID: 0}
  m_NavMeshLayer: 0
  m_StaticEditorFlags: 0
  m_IsActive: 1
--- !u!114 &1194060855
MonoBehaviour:
  m_ObjectHideFlags: 0
  m_PrefabParentObject: {fileID: 0}
  m_PrefabInternal: {fileID: 0}
  m_GameObject: {fileID: 1194060854}
  m_Enabled: 1
  m_EditorHideFlags: 0
  m_Script: {fileID: 1301386320, guid: f70555f144d8491a825f0804e09c671c, type: 3}
  m_Name: 
  m_EditorClassIdentifier: 
  m_IgnoreReversedGraphics: 1
  m_BlockingObjects: 0
  m_BlockingMask:
    serializedVersion: 2
    m_Bits: 4294967295
--- !u!114 &1194060856
MonoBehaviour:
  m_ObjectHideFlags: 0
  m_PrefabParentObject: {fileID: 0}
  m_PrefabInternal: {fileID: 0}
  m_GameObject: {fileID: 1194060854}
  m_Enabled: 1
  m_EditorHideFlags: 0
  m_Script: {fileID: 1980459831, guid: f70555f144d8491a825f0804e09c671c, type: 3}
  m_Name: 
  m_EditorClassIdentifier: 
  m_UiScaleMode: 0
  m_ReferencePixelsPerUnit: 100
  m_ScaleFactor: 1
  m_ReferenceResolution: {x: 800, y: 600}
  m_ScreenMatchMode: 0
  m_MatchWidthOrHeight: 0
  m_PhysicalUnit: 3
  m_FallbackScreenDPI: 96
  m_DefaultSpriteDPI: 96
  m_DynamicPixelsPerUnit: 1
--- !u!223 &1194060857
Canvas:
  m_ObjectHideFlags: 0
  m_PrefabParentObject: {fileID: 0}
  m_PrefabInternal: {fileID: 0}
  m_GameObject: {fileID: 1194060854}
  m_Enabled: 1
  serializedVersion: 2
  m_RenderMode: 1
  m_Camera: {fileID: 542800849}
  m_PlaneDistance: 100
  m_PixelPerfect: 0
  m_ReceivesEvents: 1
  m_OverrideSorting: 0
  m_OverridePixelPerfect: 0
  m_SortingBucketNormalizedSize: 0
  m_SortingLayerID: 0
  m_SortingOrder: 0
  m_TargetDisplay: 0
--- !u!224 &1194060858
RectTransform:
  m_ObjectHideFlags: 0
  m_PrefabParentObject: {fileID: 0}
  m_PrefabInternal: {fileID: 0}
  m_GameObject: {fileID: 1194060854}
  m_LocalRotation: {x: 0, y: 0, z: 0, w: 1}
  m_LocalPosition: {x: 0, y: 0, z: 0}
  m_LocalScale: {x: 0, y: 0, z: 0}
  m_Children:
  - {fileID: 1493598267}
  m_Father: {fileID: 0}
  m_RootOrder: 5
  m_LocalEulerAnglesHint: {x: 0, y: 0, z: 0}
  m_AnchorMin: {x: 0, y: 0}
  m_AnchorMax: {x: 0, y: 0}
  m_AnchoredPosition: {x: 0, y: 0}
  m_SizeDelta: {x: 0, y: 0}
  m_Pivot: {x: 0, y: 0}
--- !u!1 &1366638864
GameObject:
  m_ObjectHideFlags: 0
  m_PrefabParentObject: {fileID: 0}
  m_PrefabInternal: {fileID: 0}
  serializedVersion: 5
  m_Component:
  - component: {fileID: 1366638865}
  - component: {fileID: 1366638866}
  m_Layer: 0
  m_Name: Techo
  m_TagString: Untagged
  m_Icon: {fileID: 0}
  m_NavMeshLayer: 0
  m_StaticEditorFlags: 0
  m_IsActive: 1
--- !u!4 &1366638865
Transform:
  m_ObjectHideFlags: 0
  m_PrefabParentObject: {fileID: 0}
  m_PrefabInternal: {fileID: 0}
  m_GameObject: {fileID: 1366638864}
  m_LocalRotation: {x: 0, y: 0, z: 0, w: 1}
  m_LocalPosition: {x: 0, y: -2.42, z: -1.85}
  m_LocalScale: {x: 1, y: 1, z: 1}
  m_Children:
  - {fileID: 1099745745}
  m_Father: {fileID: 78040232}
  m_RootOrder: 3
  m_LocalEulerAnglesHint: {x: 0, y: 0, z: 0}
--- !u!65 &1366638866
BoxCollider:
  m_ObjectHideFlags: 0
  m_PrefabParentObject: {fileID: 0}
  m_PrefabInternal: {fileID: 0}
  m_GameObject: {fileID: 1366638864}
  m_Material: {fileID: 0}
  m_IsTrigger: 0
  m_Enabled: 1
  serializedVersion: 2
  m_Size: {x: 5.671293, y: 0.027709957, z: 12.789122}
  m_Center: {x: 0.5772195, y: 6.088468, z: 2.7917585}
--- !u!4 &1382522682 stripped
Transform:
  m_PrefabParentObject: {fileID: 4907347049511088, guid: aaa307a7aa2299842b0eed18cec446f0,
    type: 2}
  m_PrefabInternal: {fileID: 304316314}
--- !u!4 &1395694617 stripped
Transform:
  m_PrefabParentObject: {fileID: 4459876404608216, guid: 794fe6b480155e24e90264dc3bda680c,
    type: 2}
  m_PrefabInternal: {fileID: 840754286}
--- !u!1001 &1459276965
Prefab:
  m_ObjectHideFlags: 0
  serializedVersion: 2
  m_Modification:
    m_TransformParent: {fileID: 78040232}
    m_Modifications:
    - target: {fileID: 4278931289790696, guid: 0684f27bfb21b6b4789f28f3043f86dd, type: 2}
      propertyPath: m_LocalPosition.x
      value: 1.9578
      objectReference: {fileID: 0}
    - target: {fileID: 4278931289790696, guid: 0684f27bfb21b6b4789f28f3043f86dd, type: 2}
      propertyPath: m_LocalPosition.y
      value: 3.206
      objectReference: {fileID: 0}
    - target: {fileID: 4278931289790696, guid: 0684f27bfb21b6b4789f28f3043f86dd, type: 2}
      propertyPath: m_LocalPosition.z
      value: 1.667
      objectReference: {fileID: 0}
    - target: {fileID: 4278931289790696, guid: 0684f27bfb21b6b4789f28f3043f86dd, type: 2}
      propertyPath: m_LocalRotation.x
      value: -0
      objectReference: {fileID: 0}
    - target: {fileID: 4278931289790696, guid: 0684f27bfb21b6b4789f28f3043f86dd, type: 2}
      propertyPath: m_LocalRotation.y
      value: 1
      objectReference: {fileID: 0}
    - target: {fileID: 4278931289790696, guid: 0684f27bfb21b6b4789f28f3043f86dd, type: 2}
      propertyPath: m_LocalRotation.z
      value: -0
      objectReference: {fileID: 0}
    - target: {fileID: 4278931289790696, guid: 0684f27bfb21b6b4789f28f3043f86dd, type: 2}
      propertyPath: m_LocalRotation.w
      value: 0
      objectReference: {fileID: 0}
    - target: {fileID: 4278931289790696, guid: 0684f27bfb21b6b4789f28f3043f86dd, type: 2}
      propertyPath: m_RootOrder
      value: 1
      objectReference: {fileID: 0}
    - target: {fileID: 4278931289790696, guid: 0684f27bfb21b6b4789f28f3043f86dd, type: 2}
      propertyPath: m_LocalScale.x
      value: 0.5848449
      objectReference: {fileID: 0}
    - target: {fileID: 4278931289790696, guid: 0684f27bfb21b6b4789f28f3043f86dd, type: 2}
      propertyPath: m_LocalScale.y
      value: 0.21510734
      objectReference: {fileID: 0}
    - target: {fileID: 4278931289790696, guid: 0684f27bfb21b6b4789f28f3043f86dd, type: 2}
      propertyPath: m_LocalScale.z
      value: 0.5848449
      objectReference: {fileID: 0}
    - target: {fileID: 4278931289790696, guid: 0684f27bfb21b6b4789f28f3043f86dd, type: 2}
      propertyPath: m_LocalEulerAnglesHint.x
      value: 0
      objectReference: {fileID: 0}
    - target: {fileID: 4278931289790696, guid: 0684f27bfb21b6b4789f28f3043f86dd, type: 2}
      propertyPath: m_LocalEulerAnglesHint.y
      value: 180
      objectReference: {fileID: 0}
    - target: {fileID: 4278931289790696, guid: 0684f27bfb21b6b4789f28f3043f86dd, type: 2}
      propertyPath: m_LocalEulerAnglesHint.z
      value: 0
      objectReference: {fileID: 0}
    - target: {fileID: 1544121296334396, guid: 0684f27bfb21b6b4789f28f3043f86dd, type: 2}
      propertyPath: m_Layer
      value: 0
      objectReference: {fileID: 0}
    - target: {fileID: 4729714151974252, guid: 0684f27bfb21b6b4789f28f3043f86dd, type: 2}
      propertyPath: m_LocalScale.z
      value: 0.22135957
      objectReference: {fileID: 0}
    - target: {fileID: 4729714151974252, guid: 0684f27bfb21b6b4789f28f3043f86dd, type: 2}
      propertyPath: m_LocalScale.x
      value: 0.84896797
      objectReference: {fileID: 0}
    - target: {fileID: 54919163649512656, guid: 0684f27bfb21b6b4789f28f3043f86dd,
        type: 2}
      propertyPath: m_Mass
      value: 1000000
      objectReference: {fileID: 0}
    - target: {fileID: 65612679942358968, guid: 0684f27bfb21b6b4789f28f3043f86dd,
        type: 2}
      propertyPath: m_IsTrigger
      value: 0
      objectReference: {fileID: 0}
    - target: {fileID: 4729714151974252, guid: 0684f27bfb21b6b4789f28f3043f86dd, type: 2}
      propertyPath: m_LocalScale.y
      value: 1.9027839
      objectReference: {fileID: 0}
    - target: {fileID: 114238791464895812, guid: 0684f27bfb21b6b4789f28f3043f86dd,
        type: 2}
      propertyPath: activated
      value: 0
      objectReference: {fileID: 0}
    - target: {fileID: 4729714151974252, guid: 0684f27bfb21b6b4789f28f3043f86dd, type: 2}
      propertyPath: m_RootOrder
      value: 1
      objectReference: {fileID: 0}
    - target: {fileID: 4380843717281138, guid: 0684f27bfb21b6b4789f28f3043f86dd, type: 2}
      propertyPath: m_RootOrder
      value: 2
      objectReference: {fileID: 0}
    m_RemovedComponents: []
  m_ParentPrefab: {fileID: 100100000, guid: 0684f27bfb21b6b4789f28f3043f86dd, type: 2}
  m_IsPrefabParent: 0
--- !u!1 &1470144599
GameObject:
  m_ObjectHideFlags: 0
  m_PrefabParentObject: {fileID: 0}
  m_PrefabInternal: {fileID: 0}
  serializedVersion: 5
  m_Component:
  - component: {fileID: 1470144600}
  m_Layer: 0
  m_Name: Target2Tp
  m_TagString: Untagged
  m_Icon: {fileID: 0}
  m_NavMeshLayer: 0
  m_StaticEditorFlags: 0
  m_IsActive: 1
--- !u!4 &1470144600
Transform:
  m_ObjectHideFlags: 0
  m_PrefabParentObject: {fileID: 0}
  m_PrefabInternal: {fileID: 0}
  m_GameObject: {fileID: 1470144599}
  m_LocalRotation: {x: -0.3568382, y: -0, z: -0, w: 0.9341662}
  m_LocalPosition: {x: 0.36, y: 3.134, z: -0.25}
  m_LocalScale: {x: 0.39868, y: 0.39868003, z: 0.055700004}
  m_Children: []
  m_Father: {fileID: 2097164579}
  m_RootOrder: 2
  m_LocalEulerAnglesHint: {x: -41.812, y: 0, z: 0}
--- !u!1 &1480537616
GameObject:
  m_ObjectHideFlags: 0
  m_PrefabParentObject: {fileID: 0}
  m_PrefabInternal: {fileID: 0}
  serializedVersion: 5
  m_Component:
  - component: {fileID: 1480537617}
  - component: {fileID: 1480537619}
  - component: {fileID: 1480537618}
  m_Layer: 5
  m_Name: TextScore
  m_TagString: Untagged
  m_Icon: {fileID: 0}
  m_NavMeshLayer: 0
  m_StaticEditorFlags: 0
  m_IsActive: 1
--- !u!224 &1480537617
RectTransform:
  m_ObjectHideFlags: 0
  m_PrefabParentObject: {fileID: 0}
  m_PrefabInternal: {fileID: 0}
  m_GameObject: {fileID: 1480537616}
  m_LocalRotation: {x: -0, y: -0, z: -0, w: 1}
  m_LocalPosition: {x: 0, y: 0, z: 0}
  m_LocalScale: {x: 1, y: 1, z: 1}
  m_Children: []
  m_Father: {fileID: 835709221}
  m_RootOrder: 1
  m_LocalEulerAnglesHint: {x: 0, y: 0, z: 0}
  m_AnchorMin: {x: 0.5, y: 0.5}
  m_AnchorMax: {x: 0.5, y: 0.5}
  m_AnchoredPosition: {x: 121, y: 238.6}
  m_SizeDelta: {x: 160, y: 30}
  m_Pivot: {x: 0.5, y: 0.5}
--- !u!114 &1480537618
MonoBehaviour:
  m_ObjectHideFlags: 0
  m_PrefabParentObject: {fileID: 0}
  m_PrefabInternal: {fileID: 0}
  m_GameObject: {fileID: 1480537616}
  m_Enabled: 1
  m_EditorHideFlags: 0
  m_Script: {fileID: 708705254, guid: f70555f144d8491a825f0804e09c671c, type: 3}
  m_Name: 
  m_EditorClassIdentifier: 
  m_Material: {fileID: 0}
  m_Color: {r: 0.91740316, g: 0.9264706, b: 0.30988845, a: 1}
  m_RaycastTarget: 1
  m_OnCullStateChanged:
    m_PersistentCalls:
      m_Calls: []
    m_TypeName: UnityEngine.UI.MaskableGraphic+CullStateChangedEvent, UnityEngine.UI,
      Version=1.0.0.0, Culture=neutral, PublicKeyToken=null
  m_FontData:
    m_Font: {fileID: 10102, guid: 0000000000000000e000000000000000, type: 0}
    m_FontSize: 20
    m_FontStyle: 0
    m_BestFit: 0
    m_MinSize: 2
    m_MaxSize: 40
    m_Alignment: 0
    m_AlignByGeometry: 0
    m_RichText: 1
    m_HorizontalOverflow: 0
    m_VerticalOverflow: 0
    m_LineSpacing: 1
  m_Text: AASASA
--- !u!222 &1480537619
CanvasRenderer:
  m_ObjectHideFlags: 0
  m_PrefabParentObject: {fileID: 0}
  m_PrefabInternal: {fileID: 0}
  m_GameObject: {fileID: 1480537616}
--- !u!1 &1493598266
GameObject:
  m_ObjectHideFlags: 0
  m_PrefabParentObject: {fileID: 0}
  m_PrefabInternal: {fileID: 0}
  serializedVersion: 5
  m_Component:
  - component: {fileID: 1493598267}
  - component: {fileID: 1493598269}
  - component: {fileID: 1493598268}
  m_Layer: 0
  m_Name: Image
  m_TagString: Untagged
  m_Icon: {fileID: 0}
  m_NavMeshLayer: 0
  m_StaticEditorFlags: 0
  m_IsActive: 1
--- !u!224 &1493598267
RectTransform:
  m_ObjectHideFlags: 0
  m_PrefabParentObject: {fileID: 0}
  m_PrefabInternal: {fileID: 0}
  m_GameObject: {fileID: 1493598266}
  m_LocalRotation: {x: 0, y: 0, z: 0, w: 1}
  m_LocalPosition: {x: 0, y: 0, z: 0}
  m_LocalScale: {x: 1, y: 1, z: 1}
  m_Children: []
  m_Father: {fileID: 1194060858}
  m_RootOrder: 0
  m_LocalEulerAnglesHint: {x: 0, y: 0, z: 0}
  m_AnchorMin: {x: 0, y: 0}
  m_AnchorMax: {x: 1, y: 1}
  m_AnchoredPosition: {x: 0, y: 0}
  m_SizeDelta: {x: 0, y: 0}
  m_Pivot: {x: 0.5, y: 0.5}
--- !u!114 &1493598268
MonoBehaviour:
  m_ObjectHideFlags: 0
  m_PrefabParentObject: {fileID: 0}
  m_PrefabInternal: {fileID: 0}
  m_GameObject: {fileID: 1493598266}
  m_Enabled: 1
  m_EditorHideFlags: 0
  m_Script: {fileID: -765806418, guid: f70555f144d8491a825f0804e09c671c, type: 3}
  m_Name: 
  m_EditorClassIdentifier: 
  m_Material: {fileID: 0}
  m_Color: {r: 1, g: 1, b: 1, a: 1}
  m_RaycastTarget: 1
  m_OnCullStateChanged:
    m_PersistentCalls:
      m_Calls: []
    m_TypeName: UnityEngine.UI.MaskableGraphic+CullStateChangedEvent, UnityEngine.UI,
      Version=1.0.0.0, Culture=neutral, PublicKeyToken=null
  m_Sprite: {fileID: 21300000, guid: 490ba83938c1b48449fac16416365000, type: 3}
  m_Type: 0
  m_PreserveAspect: 0
  m_FillCenter: 1
  m_FillMethod: 4
  m_FillAmount: 1
  m_FillClockwise: 1
  m_FillOrigin: 0
--- !u!222 &1493598269
CanvasRenderer:
  m_ObjectHideFlags: 0
  m_PrefabParentObject: {fileID: 0}
  m_PrefabInternal: {fileID: 0}
  m_GameObject: {fileID: 1493598266}
--- !u!4 &1540081532 stripped
Transform:
  m_PrefabParentObject: {fileID: 4459876404608216, guid: 794fe6b480155e24e90264dc3bda680c,
    type: 2}
  m_PrefabInternal: {fileID: 1873435478}
--- !u!1001 &1873435478
Prefab:
  m_ObjectHideFlags: 0
  serializedVersion: 2
  m_Modification:
    m_TransformParent: {fileID: 804291790}
    m_Modifications:
    - target: {fileID: 4459876404608216, guid: 794fe6b480155e24e90264dc3bda680c, type: 2}
      propertyPath: m_LocalPosition.x
      value: 2.729
      objectReference: {fileID: 0}
    - target: {fileID: 4459876404608216, guid: 794fe6b480155e24e90264dc3bda680c, type: 2}
      propertyPath: m_LocalPosition.y
      value: 3.278
      objectReference: {fileID: 0}
    - target: {fileID: 4459876404608216, guid: 794fe6b480155e24e90264dc3bda680c, type: 2}
      propertyPath: m_LocalPosition.z
      value: 2.669
      objectReference: {fileID: 0}
    - target: {fileID: 4459876404608216, guid: 794fe6b480155e24e90264dc3bda680c, type: 2}
      propertyPath: m_LocalRotation.x
      value: 0.058994904
      objectReference: {fileID: 0}
    - target: {fileID: 4459876404608216, guid: 794fe6b480155e24e90264dc3bda680c, type: 2}
      propertyPath: m_LocalRotation.y
      value: -0
      objectReference: {fileID: 0}
    - target: {fileID: 4459876404608216, guid: 794fe6b480155e24e90264dc3bda680c, type: 2}
      propertyPath: m_LocalRotation.z
      value: -0
      objectReference: {fileID: 0}
    - target: {fileID: 4459876404608216, guid: 794fe6b480155e24e90264dc3bda680c, type: 2}
      propertyPath: m_LocalRotation.w
      value: 0.9982583
      objectReference: {fileID: 0}
    - target: {fileID: 4459876404608216, guid: 794fe6b480155e24e90264dc3bda680c, type: 2}
      propertyPath: m_RootOrder
      value: 9
      objectReference: {fileID: 0}
    - target: {fileID: 4459876404608216, guid: 794fe6b480155e24e90264dc3bda680c, type: 2}
      propertyPath: m_LocalEulerAnglesHint.x
      value: 32.846
      objectReference: {fileID: 0}
    - target: {fileID: 1988189994258764, guid: 794fe6b480155e24e90264dc3bda680c, type: 2}
      propertyPath: m_Name
      value: Bumper (10)
      objectReference: {fileID: 0}
    - target: {fileID: 4459876404608216, guid: 794fe6b480155e24e90264dc3bda680c, type: 2}
      propertyPath: m_LocalScale.y
      value: 0.07784
      objectReference: {fileID: 0}
    - target: {fileID: 4459876404608216, guid: 794fe6b480155e24e90264dc3bda680c, type: 2}
      propertyPath: m_LocalScale.z
      value: 0.32327002
      objectReference: {fileID: 0}
    - target: {fileID: 4459876404608216, guid: 794fe6b480155e24e90264dc3bda680c, type: 2}
      propertyPath: m_LocalScale.x
      value: 0.32327
      objectReference: {fileID: 0}
    m_RemovedComponents: []
  m_ParentPrefab: {fileID: 100100000, guid: 794fe6b480155e24e90264dc3bda680c, type: 2}
  m_IsPrefabParent: 0
--- !u!1001 &1938246594
Prefab:
  m_ObjectHideFlags: 0
  serializedVersion: 2
  m_Modification:
    m_TransformParent: {fileID: 804291790}
    m_Modifications:
    - target: {fileID: 4459876404608216, guid: 794fe6b480155e24e90264dc3bda680c, type: 2}
      propertyPath: m_LocalPosition.x
      value: 1.1100001
      objectReference: {fileID: 0}
    - target: {fileID: 4459876404608216, guid: 794fe6b480155e24e90264dc3bda680c, type: 2}
      propertyPath: m_LocalPosition.y
      value: 3.3818693
      objectReference: {fileID: 0}
    - target: {fileID: 4459876404608216, guid: 794fe6b480155e24e90264dc3bda680c, type: 2}
      propertyPath: m_LocalPosition.z
      value: 2.12
      objectReference: {fileID: 0}
    - target: {fileID: 4459876404608216, guid: 794fe6b480155e24e90264dc3bda680c, type: 2}
      propertyPath: m_LocalRotation.x
      value: -0
      objectReference: {fileID: 0}
    - target: {fileID: 4459876404608216, guid: 794fe6b480155e24e90264dc3bda680c, type: 2}
      propertyPath: m_LocalRotation.y
      value: -0
      objectReference: {fileID: 0}
    - target: {fileID: 4459876404608216, guid: 794fe6b480155e24e90264dc3bda680c, type: 2}
      propertyPath: m_LocalRotation.z
      value: -0
      objectReference: {fileID: 0}
    - target: {fileID: 4459876404608216, guid: 794fe6b480155e24e90264dc3bda680c, type: 2}
      propertyPath: m_LocalRotation.w
      value: 1
      objectReference: {fileID: 0}
    - target: {fileID: 4459876404608216, guid: 794fe6b480155e24e90264dc3bda680c, type: 2}
      propertyPath: m_RootOrder
      value: 2
      objectReference: {fileID: 0}
    - target: {fileID: 4459876404608216, guid: 794fe6b480155e24e90264dc3bda680c, type: 2}
      propertyPath: m_LocalScale.x
      value: 0.32031712
      objectReference: {fileID: 0}
    - target: {fileID: 4459876404608216, guid: 794fe6b480155e24e90264dc3bda680c, type: 2}
      propertyPath: m_LocalScale.y
      value: 0.077123865
      objectReference: {fileID: 0}
    - target: {fileID: 4459876404608216, guid: 794fe6b480155e24e90264dc3bda680c, type: 2}
      propertyPath: m_LocalScale.z
      value: 0.3203172
      objectReference: {fileID: 0}
    - target: {fileID: 1988189994258764, guid: 794fe6b480155e24e90264dc3bda680c, type: 2}
      propertyPath: m_Name
      value: Bumper (3)
      objectReference: {fileID: 0}
    - target: {fileID: 1988189994258764, guid: 794fe6b480155e24e90264dc3bda680c, type: 2}
      propertyPath: m_TagString
      value: incrScore2
      objectReference: {fileID: 0}
    - target: {fileID: 23457369830466436, guid: 794fe6b480155e24e90264dc3bda680c,
        type: 2}
      propertyPath: m_Materials.Array.data[0]
      value: 
      objectReference: {fileID: 2100000, guid: 3c33cb17b549e754ab72bc30ab01812d, type: 2}
    m_RemovedComponents: []
  m_ParentPrefab: {fileID: 100100000, guid: 794fe6b480155e24e90264dc3bda680c, type: 2}
  m_IsPrefabParent: 0
--- !u!4 &1955645315 stripped
Transform:
  m_PrefabParentObject: {fileID: 4459876404608216, guid: 794fe6b480155e24e90264dc3bda680c,
    type: 2}
  m_PrefabInternal: {fileID: 796172824}
--- !u!1001 &1986218893
Prefab:
  m_ObjectHideFlags: 0
  serializedVersion: 2
  m_Modification:
    m_TransformParent: {fileID: 804291790}
    m_Modifications:
    - target: {fileID: 4459876404608216, guid: 794fe6b480155e24e90264dc3bda680c, type: 2}
      propertyPath: m_LocalPosition.x
      value: 1.1766953
      objectReference: {fileID: 0}
    - target: {fileID: 4459876404608216, guid: 794fe6b480155e24e90264dc3bda680c, type: 2}
      propertyPath: m_LocalPosition.y
      value: 3.3818684
      objectReference: {fileID: 0}
    - target: {fileID: 4459876404608216, guid: 794fe6b480155e24e90264dc3bda680c, type: 2}
      propertyPath: m_LocalPosition.z
      value: -0.69157505
      objectReference: {fileID: 0}
    - target: {fileID: 4459876404608216, guid: 794fe6b480155e24e90264dc3bda680c, type: 2}
      propertyPath: m_LocalRotation.x
      value: -0
      objectReference: {fileID: 0}
    - target: {fileID: 4459876404608216, guid: 794fe6b480155e24e90264dc3bda680c, type: 2}
      propertyPath: m_LocalRotation.y
      value: -0
      objectReference: {fileID: 0}
    - target: {fileID: 4459876404608216, guid: 794fe6b480155e24e90264dc3bda680c, type: 2}
      propertyPath: m_LocalRotation.z
      value: -0
      objectReference: {fileID: 0}
    - target: {fileID: 4459876404608216, guid: 794fe6b480155e24e90264dc3bda680c, type: 2}
      propertyPath: m_LocalRotation.w
      value: 1
      objectReference: {fileID: 0}
    - target: {fileID: 4459876404608216, guid: 794fe6b480155e24e90264dc3bda680c, type: 2}
      propertyPath: m_RootOrder
      value: 0
      objectReference: {fileID: 0}
    - target: {fileID: 1988189994258764, guid: 794fe6b480155e24e90264dc3bda680c, type: 2}
      propertyPath: m_Name
      value: Bumper (1)
      objectReference: {fileID: 0}
    - target: {fileID: 1988189994258764, guid: 794fe6b480155e24e90264dc3bda680c, type: 2}
      propertyPath: m_TagString
      value: incrScore2
      objectReference: {fileID: 0}
    - target: {fileID: 23457369830466436, guid: 794fe6b480155e24e90264dc3bda680c,
        type: 2}
      propertyPath: m_Materials.Array.data[0]
      value: 
      objectReference: {fileID: 2100000, guid: 9982e76b21661ff4f9fa1da68f0e4d1d, type: 2}
    m_RemovedComponents: []
  m_ParentPrefab: {fileID: 100100000, guid: 794fe6b480155e24e90264dc3bda680c, type: 2}
  m_IsPrefabParent: 0
--- !u!1 &2029959972
GameObject:
  m_ObjectHideFlags: 0
  m_PrefabParentObject: {fileID: 0}
  m_PrefabInternal: {fileID: 0}
  serializedVersion: 5
  m_Component:
  - component: {fileID: 2029959973}
  - component: {fileID: 2029959974}
  m_Layer: 0
  m_Name: Point light
  m_TagString: Untagged
  m_Icon: {fileID: 0}
  m_NavMeshLayer: 0
  m_StaticEditorFlags: 0
  m_IsActive: 1
--- !u!4 &2029959973
Transform:
  m_ObjectHideFlags: 0
  m_PrefabParentObject: {fileID: 0}
  m_PrefabInternal: {fileID: 0}
  m_GameObject: {fileID: 2029959972}
  m_LocalRotation: {x: 0, y: 0, z: 0, w: 1}
  m_LocalPosition: {x: 0, y: -0.15, z: 2.24}
  m_LocalScale: {x: 1, y: 1, z: 1}
  m_Children: []
  m_Father: {fileID: 909558780}
  m_RootOrder: 0
  m_LocalEulerAnglesHint: {x: 0, y: 0, z: 0}
--- !u!108 &2029959974
Light:
  m_ObjectHideFlags: 0
  m_PrefabParentObject: {fileID: 0}
  m_PrefabInternal: {fileID: 0}
  m_GameObject: {fileID: 2029959972}
  m_Enabled: 1
  serializedVersion: 7
  m_Type: 2
  m_Color: {r: 1, g: 0, b: 0, a: 1}
  m_Intensity: 1.66
  m_Range: 3
  m_SpotAngle: 30
  m_CookieSize: 10
  m_Shadows:
    m_Type: 0
    m_Resolution: -1
    m_CustomResolution: -1
    m_Strength: 1
    m_Bias: 0.05
    m_NormalBias: 0.4
    m_NearPlane: 0.2
  m_Cookie: {fileID: 0}
  m_DrawHalo: 0
  m_Flare: {fileID: 0}
  m_RenderMode: 0
  m_CullingMask:
    serializedVersion: 2
    m_Bits: 4294967295
  m_Lightmapping: 4
  m_AreaSize: {x: 1, y: 1}
  m_BounceIntensity: 1
  m_ShadowRadius: 0
  m_ShadowAngle: 0
--- !u!1 &2097164578
GameObject:
  m_ObjectHideFlags: 0
  m_PrefabParentObject: {fileID: 0}
  m_PrefabInternal: {fileID: 0}
  serializedVersion: 5
  m_Component:
  - component: {fileID: 2097164579}
  m_Layer: 0
  m_Name: Transforms
  m_TagString: Untagged
  m_Icon: {fileID: 0}
  m_NavMeshLayer: 0
  m_StaticEditorFlags: 0
  m_IsActive: 1
--- !u!4 &2097164579
Transform:
  m_ObjectHideFlags: 0
  m_PrefabParentObject: {fileID: 0}
  m_PrefabInternal: {fileID: 0}
  m_GameObject: {fileID: 2097164578}
  m_LocalRotation: {x: 0, y: 0, z: 0, w: 1}
  m_LocalPosition: {x: 0, y: 0, z: 0}
  m_LocalScale: {x: 1, y: 1, z: 1}
  m_Children:
  - {fileID: 608512441}
  - {fileID: 794226648}
  - {fileID: 1470144600}
  - {fileID: 496533635}
  m_Father: {fileID: 78040232}
  m_RootOrder: 6
  m_LocalEulerAnglesHint: {x: 0, y: 0, z: 0}
--- !u!1001 &2142581838
Prefab:
  m_ObjectHideFlags: 0
  serializedVersion: 2
  m_Modification:
    m_TransformParent: {fileID: 804291790}
    m_Modifications:
    - target: {fileID: 4459876404608216, guid: 794fe6b480155e24e90264dc3bda680c, type: 2}
      propertyPath: m_LocalPosition.x
      value: -0.5833049
      objectReference: {fileID: 0}
    - target: {fileID: 4459876404608216, guid: 794fe6b480155e24e90264dc3bda680c, type: 2}
      propertyPath: m_LocalPosition.y
      value: 3.3818684
      objectReference: {fileID: 0}
    - target: {fileID: 4459876404608216, guid: 794fe6b480155e24e90264dc3bda680c, type: 2}
      propertyPath: m_LocalPosition.z
      value: -0.1500001
      objectReference: {fileID: 0}
    - target: {fileID: 4459876404608216, guid: 794fe6b480155e24e90264dc3bda680c, type: 2}
      propertyPath: m_LocalRotation.x
      value: -0
      objectReference: {fileID: 0}
    - target: {fileID: 4459876404608216, guid: 794fe6b480155e24e90264dc3bda680c, type: 2}
      propertyPath: m_LocalRotation.y
      value: -0
      objectReference: {fileID: 0}
    - target: {fileID: 4459876404608216, guid: 794fe6b480155e24e90264dc3bda680c, type: 2}
      propertyPath: m_LocalRotation.z
      value: -0
      objectReference: {fileID: 0}
    - target: {fileID: 4459876404608216, guid: 794fe6b480155e24e90264dc3bda680c, type: 2}
      propertyPath: m_LocalRotation.w
      value: 1
      objectReference: {fileID: 0}
    - target: {fileID: 4459876404608216, guid: 794fe6b480155e24e90264dc3bda680c, type: 2}
      propertyPath: m_RootOrder
      value: 1
      objectReference: {fileID: 0}
    - target: {fileID: 4459876404608216, guid: 794fe6b480155e24e90264dc3bda680c, type: 2}
      propertyPath: m_LocalScale.x
      value: 0.3055771
      objectReference: {fileID: 0}
    - target: {fileID: 4459876404608216, guid: 794fe6b480155e24e90264dc3bda680c, type: 2}
      propertyPath: m_LocalScale.y
      value: 0.07357537
      objectReference: {fileID: 0}
    - target: {fileID: 4459876404608216, guid: 794fe6b480155e24e90264dc3bda680c, type: 2}
      propertyPath: m_LocalScale.z
      value: 0.3055771
      objectReference: {fileID: 0}
    - target: {fileID: 1988189994258764, guid: 794fe6b480155e24e90264dc3bda680c, type: 2}
      propertyPath: m_Name
      value: Bumper (2)
      objectReference: {fileID: 0}
    - target: {fileID: 1988189994258764, guid: 794fe6b480155e24e90264dc3bda680c, type: 2}
      propertyPath: m_TagString
      value: incrScore2
      objectReference: {fileID: 0}
    m_RemovedComponents: []
  m_ParentPrefab: {fileID: 100100000, guid: 794fe6b480155e24e90264dc3bda680c, type: 2}
  m_IsPrefabParent: 0
